timestamp,block_number,tx_hash,log_index,pool,token0,token1,token0_decimals,token1_decimals,sender,recipient,direction,token0_in,token1_in,token0_out,token1_out,amount0,amount1,sqrt_price_x96,sqrtPriceX96,liquidity,tick,pre_swap_tick
1760054411,23543616,0xf67bb4aa0e3ba4f5deb917078926bc65335908b4a5acb513b6fd500d1b5d92f8,123,0x8ad599c3a0ff1de082011efddc58f1908eb6e6d8,0xa0b86991c6218b36c1d19d4a2e9eb0ce3606eb48,0xc02aaa39b223fe8d0a0e5c4f27ead9083c756cc2,6,18,0xcf9997ff3178ee54270735fdc00d4a26730787e0,0xcf9997ff3178ee54270735fdc00d4a26730787e0,one_for_zero,0,42626845410878972,185824723,0,-185824723,42626845410878972,1198166437046860873335633412020097,1198166437046860873335633412020097,4417474788300013834,192489,192489
1760054447,23543619,0xe7a6f63f99ab5136c99fcb6bffeaa92b910d3e5a0ff9cb13c21ed923b0afc0c2,345,0x8ad599c3a0ff1de082011efddc58f1908eb6e6d8,0xa0b86991c6218b36c1d19d4a2e9eb0ce3606eb48,0xc02aaa39b223fe8d0a0e5c4f27ead9083c756cc2,6,18,0x06cff7088619c7178f5e14f0b119458d08d2f5ef,0x06cff7088619c7178f5e14f0b119458d08d2f5ef,zero_for_one,1813509,0,0,413513687748039,1813509,-413513687748039,1198166429630422472476694240200545,1198166429630422472476694240200545,4417474788300013834,192489,192489
1760054567,23543629,0x014eae33b8586eb99e5fa8e9a4f80edee5512f61427438dcf002adb5df1b6827,367,0x8ad599c3a0ff1de082011efddc58f1908eb6e6d8,0xa0b86991c6218b36c1d19d4a2e9eb0ce3606eb48,0xc02aaa39b223fe8d0a0e5c4f27ead9083c756cc2,6,18,0xcf9997ff3178ee54270735fdc00d4a26730787e0,0xcf9997ff3178ee54270735fdc00d4a26730787e0,zero_for_one,698304626,0,0,159226067549401346,698304626,-159226067549401346,1198163573883788734261108236582242,1198163573883788734261108236582242,4417474788300013834,192488,192488
1760054615,23543633,0x50709e357a651b263f9b7f7dba01a63320356f0d23d8e3e40c98b5e9896ce727,556,0x8ad599c3a0ff1de082011efddc58f1908eb6e6d8,0xa0b86991c6218b36c1d19d4a2e9eb0ce3606eb48,0xc02aaa39b223fe8d0a0e5c4f27ead9083c756cc2,6,18,0x06cff7088619c7178f5e14f0b119458d08d2f5ef,0x06cff7088619c7178f5e14f0b119458d08d2f5ef,zero_for_one,1318247,0,0,300583349303512,1318247,-300583349303512,1198163568492775182633062813097302,1198163568492775182633062813097302,4417474788300013834,192488,192488
1760054651,23543636,0x8708605fb50b6fa5bd6092c911906db9c945e282faa73513afff2e77f72556bf,390,0x8ad599c3a0ff1de082011efddc58f1908eb6e6d8,0xa0b86991c6218b36c1d19d4a2e9eb0ce3606eb48,0xc02aaa39b223fe8d0a0e5c4f27ead9083c756cc2,6,18,0xcf9997ff3178ee54270735fdc00d4a26730787e0,0xcf9997ff3178ee54270735fdc00d4a26730787e0,zero_for_one,220538651,0,0,50286637648693373,220538651,-50286637648693373,1198162666593366389443637606447397,1198162666593366389443637606447397,4417474788300013834,192488,192488
1760054651,23543636,0x8708605fb50b6fa5bd6092c911906db9c945e282faa73513afff2e77f72556bf,412,0x8ad599c3a0ff1de082011efddc58f1908eb6e6d8,0xa0b86991c6218b36c1d19d4a2e9eb0ce3606eb48,0xc02aaa39b223fe8d0a0e5c4f27ead9083c756cc2,6,18,0xcf9997ff3178ee54270735fdc00d4a26730787e0,0xcf9997ff3178ee54270735fdc00d4a26730787e0,one_for_zero,0,95141026009731875,414753417,0,-414753417,95141026009731875,1198164367844756519860754138374409,1198164367844756519860754138374409,4417474788300013834,192489,192489
1760054663,23543637,0xd1ee65accca284747d62430aff4048275c51c2a67880a85999e094bf0c50a44f,1244,0x8ad599c3a0ff1de082011efddc58f1908eb6e6d8,0xa0b86991c6218b36c1d19d4a2e9eb0ce3606eb48,0xc02aaa39b223fe8d0a0e5c4f27ead9083c756cc2,6,18,0x06cff7088619c7178f5e14f0b119458d08d2f5ef,0x06cff7088619c7178f5e14f0b119458d08d2f5ef,zero_for_one,5438244,0,0,1240016461699096,5438244,-1240016461699096,1198164345604850135320498183488664,1198164345604850135320498183488664,4417474788300013834,192489,192489
1760054819,23543650,0x3b25c5e42ba266f7fa1b2004a5bd1d2bfa5447f43410dd4be92aa1c5971fbc7c,299,0x8ad599c3a0ff1de082011efddc58f1908eb6e6d8,0xa0b86991c6218b36c1d19d4a2e9eb0ce3606eb48,0xc02aaa39b223fe8d0a0e5c4f27ead9083c756cc2,6,18,0xcf9997ff3178ee54270735fdc00d4a26730787e0,0xcf9997ff3178ee54270735fdc00d4a26730787e0,zero_for_one,195554537,0,0,44589887873386475,195554537,-44589887873386475,1198163545877618577081411239742423,1198163545877618577081411239742423,4417474788300013834,192488,192488
1760054855,23543653,0xa706883210c7127fdf863e949d6a083a961a17f6004c841f0a1e99c812d0bd93,56,0x8ad599c3a0ff1de082011efddc58f1908eb6e6d8,0xa0b86991c6218b36c1d19d4a2e9eb0ce3606eb48,0xc02aaa39b223fe8d0a0e5c4f27ead9083c756cc2,6,18,0x68b3465833fb72a70ecdf485e0e4c7bd8665fc45,0x6321c20db6433b21f826eadbb70e14846cf19922,one_for_zero,0,74250000000000000,323681664,0,-323681664,74250000000000000,1198164873568952326861924466936680,1198164873568952326861924466936680,4417474788300013834,192489,192489
1760054915,23543658,0xe038c04f430c9f1b3556c3502230deda553cd1cb47d91cb29c142990ebf8ced3,581,0x8ad599c3a0ff1de082011efddc58f1908eb6e6d8,0xa0b86991c6218b36c1d19d4a2e9eb0ce3606eb48,0xc02aaa39b223fe8d0a0e5c4f27ead9083c756cc2,6,18,0xe592427a0aece92de3edee1f18e0157c05861564,0x3c220bd0aee0bab7be22bbec2a06adef2ad62008,one_for_zero,0,1041600000000000,4540692,0,-4540692,1041600000000000,1198164892194181865363895949461199,1198164892194181865363895949461199,4417474788300013834,192489,192489
1760055047,23543669,0xc94bd38c2bafe0f0867276e833c56dde068601b36b4bd2699f511fe37f66632c,657,0x8ad599c3a0ff1de082011efddc58f1908eb6e6d8,0xa0b86991c6218b36c1d19d4a2e9eb0ce3606eb48,0xc02aaa39b223fe8d0a0e5c4f27ead9083c756cc2,6,18,0x9a6fae683549309386b633275a4f6933a022a092,0x9a6fae683549309386b633275a4f6933a022a092,zero_for_one,815449533,0,0,185936670648301850,815449533,-185936670648301850,1198161557388333396893839310881267,1198161557388333396893839310881267,4417474788300013834,192488,192488
1760055239,23543685,0xf3cc17d7d4ec92105cd3551b46e83a825ebfaf9410e53e64aabd235b03e545fd,338,0x8ad599c3a0ff1de082011efddc58f1908eb6e6d8,0xa0b86991c6218b36c1d19d4a2e9eb0ce3606eb48,0xc02aaa39b223fe8d0a0e5c4f27ead9083c756cc2,6,18,0xcf9997ff3178ee54270735fdc00d4a26730787e0,0xcf9997ff3178ee54270735fdc00d4a26730787e0,zero_for_one,384688125,0,0,87715221149669424,384688125,-87715221149669424,1198159984200906356695077061593490,1198159984200906356695077061593490,4417474788300013834,192488,192488
1760055263,23543687,0x9cf016cd82936e86d09fe7fda0989dea1330d5578a4572ad193e410eb1b7e100,79,0x8ad599c3a0ff1de082011efddc58f1908eb6e6d8,0xa0b86991c6218b36c1d19d4a2e9eb0ce3606eb48,0xc02aaa39b223fe8d0a0e5c4f27ead9083c756cc2,6,18,0x66a9893cc07d91d95644aedd05d03f95e1dba8af,0x66a9893cc07d91d95644aedd05d03f95e1dba8af,zero_for_one,12600000,0,0,2873003396224292,12600000,-2873003396224292,1198159932673101244379271971786469,1198159932673101244379271971786469,4417474788300013834,192488,192488
1760055503,23543707,0x12c9f154862a1ef942fdb50312625f373deaefe313065554f55f76e5ba49878e,235,0x8ad599c3a0ff1de082011efddc58f1908eb6e6d8,0xa0b86991c6218b36c1d19d4a2e9eb0ce3606eb48,0xc02aaa39b223fe8d0a0e5c4f27ead9083c756cc2,6,18,0x06cff7088619c7178f5e14f0b119458d08d2f5ef,0x06cff7088619c7178f5e14f0b119458d08d2f5ef,zero_for_one,7056992,0,0,1609107980451240,7056992,-1609107980451240,1198159903813475623912162074542800,1198159903813475623912162074542800,4417474788300013834,192488,192488
1760055767,23543729,0x52747599f52070c12466d51670c203cb1b43da7266609143b743f1ffc62739b2,424,0x8ad599c3a0ff1de082011efddc58f1908eb6e6d8,0xa0b86991c6218b36c1d19d4a2e9eb0ce3606eb48,0xc02aaa39b223fe8d0a0e5c4f27ead9083c756cc2,6,18,0x2b874e6d867e41a9ea3e07f7cfe6c95e242899f1,0x2b874e6d867e41a9ea3e07f7cfe6c95e242899f1,zero_for_one,537075,0,0,122461581129402,537075,-122461581129402,1198159901617106314194413223219909,1198159901617106314194413223219909,4417474788300013834,192488,192488
1760056007,23543749,0x3360aad4e5d3319eb54ee6ca483f5a3784f6dbf456dd5525fa26bdbb1fdaee01,81,0x8ad599c3a0ff1de082011efddc58f1908eb6e6d8,0xa0b86991c6218b36c1d19d4a2e9eb0ce3606eb48,0xc02aaa39b223fe8d0a0e5c4f27ead9083c756cc2,6,18,0x207e1074858a7e78f17002075739ed2745dbaece,0x207e1074858a7e78f17002075739ed2745dbaece,zero_for_one,22694144499,0,0,5174230007373288588,22694144499,-5174230007373288588,1198067100920881375699671786276302,1198067100920881375699671786276302,4417474788300013834,192487,192487
1760056115,23543758,0x3bbd7835ab6bb88a150d77be7cbf0fd6d972edde2108112a3da889c08f7c0d80,91,0x8ad599c3a0ff1de082011efddc58f1908eb6e6d8,0xa0b86991c6218b36c1d19d4a2e9eb0ce3606eb48,0xc02aaa39b223fe8d0a0e5c4f27ead9083c756cc2,6,18,0x207e1074858a7e78f17002075739ed2745dbaece,0x207e1074858a7e78f17002075739ed2745dbaece,zero_for_one,69997818826,0,0,15954347416078970490,69997818826,-15954347416078970490,1197780956983345383848592371306392,1197780956983345383848592371306392,4417474788300013834,192482,192482
1760056259,23543769,0x12f961e84f63d03dc68ba868edec6f25e4529a30763334f01e803eaac2e17034,186,0x8ad599c3a0ff1de082011efddc58f1908eb6e6d8,0xa0b86991c6218b36c1d19d4a2e9eb0ce3606eb48,0xc02aaa39b223fe8d0a0e5c4f27ead9083c756cc2,6,18,0x207e1074858a7e78f17002075739ed2745dbaece,0x207e1074858a7e78f17002075739ed2745dbaece,zero_for_one,11365959600,0,0,2589882522373294708,11365959600,-2589882522373294708,1197734506999314029915783138400042,1197734506999314029915783138400042,4417474788300013834,192481,192481
1760056271,23543770,0xb9adc2903597e9e5c92464ffb80e387e8f3da0a25dd6ff07a0517abf3e68a08f,1117,0x8ad599c3a0ff1de082011efddc58f1908eb6e6d8,0xa0b86991c6218b36c1d19d4a2e9eb0ce3606eb48,0xc02aaa39b223fe8d0a0e5c4f27ead9083c756cc2,6,18,0xaf6d057f77284e4c2d84b903a8ec06db49e2c15e,0xaf6d057f77284e4c2d84b903a8ec06db49e2c15e,zero_for_one,16474034037,0,0,3753467528478218577,16474034037,-3753467528478218577,1197667187920068593427267647914525,1197667187920068593427267647914525,4417474788300013834,192480,192480
1760056451,23543785,0x5c92acfa9bd2e445c2a1bd91fa6f5f160fe1f6b420d87e16229a24f130000df0,89,0x8ad599c3a0ff1de082011efddc58f1908eb6e6d8,0xa0b86991c6218b36c1d19d4a2e9eb0ce3606eb48,0xc02aaa39b223fe8d0a0e5c4f27ead9083c756cc2,6,18,0xcf9997ff3178ee54270735fdc00d4a26730787e0,0xcf9997ff3178ee54270735fdc00d4a26730787e0,zero_for_one,103135582,0,0,23497229765329617,103135582,-23497229765329617,1197666766480312737062804237761250,1197666766480312737062804237761250,4417339163220830879,192480,192480
1760056979,23543826,0x081962afdb1e5dbb760f5df9929f3108e3dee2a4204e8100b1e74fbe09995ad0,363,0x8ad599c3a0ff1de082011efddc58f1908eb6e6d8,0xa0b86991c6218b36c1d19d4a2e9eb0ce3606eb48,0xc02aaa39b223fe8d0a0e5c4f27ead9083c756cc2,6,18,0x06cff7088619c7178f5e14f0b119458d08d2f5ef,0x06cff7088619c7178f5e14f0b119458d08d2f5ef,zero_for_one,9,0,0,1828112073,9,-1828112073,1197666766480279948554815216179869,1197666766480279948554815216179869,4417339163220830879,192480,192480
1760057435,23543863,0xbc729fc6e9b656ee23a41f3f758df93117f340a712193c903ce95436bcd3a001,18,0x8ad599c3a0ff1de082011efddc58f1908eb6e6d8,0xa0b86991c6218b36c1d19d4a2e9eb0ce3606eb48,0xc02aaa39b223fe8d0a0e5c4f27ead9083c756cc2,6,18,0x68b3465833fb72a70ecdf485e0e4c7bd8665fc45,0x6321c20db6433b21f826eadbb70e14846cf19922,zero_for_one,3034218607,0,0,691274217879996713,3034218607,-691274217879996713,1197654367978817320569164581203432,1197654367978817320569164581203432,4417339163220830879,192480,192480
1760057759,23543890,0xf2da9f129b5953eaf6ad12b75b730362de112d47cc4d71ff054b17e495eb7586,206,0x8ad599c3a0ff1de082011efddc58f1908eb6e6d8,0xa0b86991c6218b36c1d19d4a2e9eb0ce3606eb48,0xc02aaa39b223fe8d0a0e5c4f27ead9083c756cc2,6,18,0xcf9997ff3178ee54270735fdc00d4a26730787e0,0xcf9997ff3178ee54270735fdc00d4a26730787e0,zero_for_one,204931672,0,0,46688269162693974,204931672,-46688269162693974,1197653530591050601169250791336566,1197653530591050601169250791336566,4417339163220830879,192480,192480
1760057867,23543899,0xe463518fc74f4cbdc494c2c94d614890fafc6e265d694efee0632505c643c3e4,484,0x8ad599c3a0ff1de082011efddc58f1908eb6e6d8,0xa0b86991c6218b36c1d19d4a2e9eb0ce3606eb48,0xc02aaa39b223fe8d0a0e5c4f27ead9083c756cc2,6,18,0x06cff7088619c7178f5e14f0b119458d08d2f5ef,0x06cff7088619c7178f5e14f0b119458d08d2f5ef,zero_for_one,657605,0,0,149817785078948,657605,-149817785078948,1197653527903960616639425592084647,1197653527903960616639425592084647,4417339163220830879,192480,192480
1760058191,23543925,0xdfbed6bbf5476e056ada6b6ef3f7afd5c581696a7e4a30f7587c5f09de12afee,570,0x8ad599c3a0ff1de082011efddc58f1908eb6e6d8,0xa0b86991c6218b36c1d19d4a2e9eb0ce3606eb48,0xc02aaa39b223fe8d0a0e5c4f27ead9083c756cc2,6,18,0x06cff7088619c7178f5e14f0b119458d08d2f5ef,0x06cff7088619c7178f5e14f0b119458d08d2f5ef,zero_for_one,758076,0,0,172707298047588,758076,-172707298047588,1197653524806330715127200151951325,1197653524806330715127200151951325,4417339163220830879,192480,192480
1760058215,23543927,0x120254671b29a630d84e5ff6c1f240c8a13564a15183b18652433e04fca645db,8,0x8ad599c3a0ff1de082011efddc58f1908eb6e6d8,0xa0b86991c6218b36c1d19d4a2e9eb0ce3606eb48,0xc02aaa39b223fe8d0a0e5c4f27ead9083c756cc2,6,18,0x51c72848c68a965f66fa7a88855f9f7784502a7f,0x51c72848c68a965f66fa7a88855f9f7784502a7f,zero_for_one,62695651058,0,0,14280483400078436848,62695651058,-14280483400078436848,1197397380518699524557995790413855,1197397380518699524557995790413855,4417076276675832758,192476,192476
1760058227,23543928,0x50a1e8a80712f39eb8b26ebac432a22a5df3df94ee77609f5dc1d3715276c63c,7,0x8ad599c3a0ff1de082011efddc58f1908eb6e6d8,0xa0b86991c6218b36c1d19d4a2e9eb0ce3606eb48,0xc02aaa39b223fe8d0a0e5c4f27ead9083c756cc2,6,18,0xfbd4cdb413e45a52e2c8312f670e9ce67e794c37,0xfbd4cdb413e45a52e2c8312f670e9ce67e794c37,zero_for_one,26847257721,0,0,6113258460461184030,26847257721,-6113258460461184030,1197287728295269590396895828428254,1197287728295269590396895828428254,4417076276675832758,192474,192474
1760058263,23543931,0x9fd77393c219c25d1e465cc6b18f0c3670b7ec9ea25a8f5a596363264ec9bda0,408,0x8ad599c3a0ff1de082011efddc58f1908eb6e6d8,0xa0b86991c6218b36c1d19d4a2e9eb0ce3606eb48,0xc02aaa39b223fe8d0a0e5c4f27ead9083c756cc2,6,18,0xffcb2bbd8c94d7671feab47d2bc5484b4e23f018,0x9008d19f58aabd9ed0d60971565aa8510560ab41,zero_for_one,11873658720,0,0,2703335989803612657,11873658720,-2703335989803612657,1197239239129650742093958820470641,1197239239129650742093958820470641,4417076276675832758,192473,192473
1760058311,23543935,0xf2fac400ba1fa177fcecea54cbbdd3d40207f236034667e9d74526fd6d05701f,86,0x8ad599c3a0ff1de082011efddc58f1908eb6e6d8,0xa0b86991c6218b36c1d19d4a2e9eb0ce3606eb48,0xc02aaa39b223fe8d0a0e5c4f27ead9083c756cc2,6,18,0x66a9893cc07d91d95644aedd05d03f95e1dba8af,0x66a9893cc07d91d95644aedd05d03f95e1dba8af,zero_for_one,150000000,0,0,34149858790232740,150000000,-34149858790232740,1197238626590859786933119831471788,1197238626590859786933119831471788,4417076276675832758,192473,192473
1760058347,23543938,0x56c1ae69a1ef67b79007c1e4d169cb546c63a174b2a62e801a08ce918fbea309,55,0x8ad599c3a0ff1de082011efddc58f1908eb6e6d8,0xa0b86991c6218b36c1d19d4a2e9eb0ce3606eb48,0xc02aaa39b223fe8d0a0e5c4f27ead9083c756cc2,6,18,0x66a9893cc07d91d95644aedd05d03f95e1dba8af,0xa6cc3c2531fdaa6ae1a3ca84c2855806728693e8,zero_for_one,35570478,0,0,8098173314003963,35570478,-8098173314003963,1197238481335638640189140097564942,1197238481335638640189140097564942,4417076276675832758,192473,192473
1760058371,23543940,0xcba59a9b7bb5f02044e14903fb10fb1c01c6fb5c7827f32e4c6f2c4cd8ca7406,54,0x8ad599c3a0ff1de082011efddc58f1908eb6e6d8,0xa0b86991c6218b36c1d19d4a2e9eb0ce3606eb48,0xc02aaa39b223fe8d0a0e5c4f27ead9083c756cc2,6,18,0x207e1074858a7e78f17002075739ed2745dbaece,0x207e1074858a7e78f17002075739ed2745dbaece,zero_for_one,15273903947,0,0,3477160647767095774,15273903947,-3477160647767095774,1197176112240872447602305150379758,1197176112240872447602305150379758,4417076276675832758,192472,192472
1760058431,23543945,0xa3f8434dc40580031f71f5ff9cf2293d539dd5aaa35e8c484d1951f95b75d899,99,0x8ad599c3a0ff1de082011efddc58f1908eb6e6d8,0xa0b86991c6218b36c1d19d4a2e9eb0ce3606eb48,0xc02aaa39b223fe8d0a0e5c4f27ead9083c756cc2,6,18,0x06cff7088619c7178f5e14f0b119458d08d2f5ef,0x06cff7088619c7178f5e14f0b119458d08d2f5ef,zero_for_one,2154973,0,0,490561984026165,2154973,-490561984026165,1197176103441765943832638286438718,1197176103441765943832638286438718,4417076276675832758,192472,192472
1760058611,23543960,0x6ece1391e03c2ea868397bc35b93ec26ca771e407fefd9a05e50d041fefcd889,14,0x8ad599c3a0ff1de082011efddc58f1908eb6e6d8,0xa0b86991c6218b36c1d19d4a2e9eb0ce3606eb48,0xc02aaa39b223fe8d0a0e5c4f27ead9083c756cc2,6,18,0x68b3465833fb72a70ecdf485e0e4c7bd8665fc45,0x6321c20db6433b21f826eadbb70e14846cf19922,zero_for_one,3004368583,0,0,683912956415804282,3004368583,-683912956415804282,1197163836239783799083372383332414,1197163836239783799083372383332414,4417076276675832758,192472,192472
1760058743,23543971,0x7068003e0a6dfd08abfcfd82d40ed3c75f20962941d84284c607b4f9fd09bd28,93,0x8ad599c3a0ff1de082011efddc58f1908eb6e6d8,0xa0b86991c6218b36c1d19d4a2e9eb0ce3606eb48,0xc02aaa39b223fe8d0a0e5c4f27ead9083c756cc2,6,18,0xe592427a0aece92de3edee1f18e0157c05861564,0x509b52749c2991b7472b3ee5876f5e0bca8f2429,zero_for_one,148800000,0,0,33872407667725764,148800000,-33872407667725764,1197163745431194580765876993395727,1197163745431194580765876993395727,29552805990588574646,192472,192472
1760058971,23543990,0x45698874b77ffcbffe44bc8cf2d2689a1f9727fc8951943962051f6789162bb2,733,0x8ad599c3a0ff1de082011efddc58f1908eb6e6d8,0xa0b86991c6218b36c1d19d4a2e9eb0ce3606eb48,0xc02aaa39b223fe8d0a0e5c4f27ead9083c756cc2,6,18,0xe592427a0aece92de3edee1f18e0157c05861564,0x509b52749c2991b7472b3ee5876f5e0bca8f2429,zero_for_one,9920,0,0,2258105542513,9920,-2258105542513,1197163745390691419468590403486235,1197163745390691419468590403486235,4417076276675832758,192472,192472
1760059211,23544010,0x1e41be359ec8dead810cba1d4f67c519f406a684d254c9a63c48cfab289e7874,102,0x8ad599c3a0ff1de082011efddc58f1908eb6e6d8,0xa0b86991c6218b36c1d19d4a2e9eb0ce3606eb48,0xc02aaa39b223fe8d0a0e5c4f27ead9083c756cc2,6,18,0xfbd4cdb413e45a52e2c8312f670e9ce67e794c37,0xfbd4cdb413e45a52e2c8312f670e9ce67e794c37,zero_for_one,14893163576,0,0,3390064829790259091,14893163576,-3390064829790259091,1197102938515182661729619634602419,1197102938515182661729619634602419,4417076276675832758,192471,192471
1760059235,23544012,0x7787f97533eaacc3b47fe8e4ebf653575bf7376e2ab4d36f94d634e8bb7e846e,650,0x8ad599c3a0ff1de082011efddc58f1908eb6e6d8,0xa0b86991c6218b36c1d19d4a2e9eb0ce3606eb48,0xc02aaa39b223fe8d0a0e5c4f27ead9083c756cc2,6,18,0x23fc436d72028d7e4fec71f214d9a00b3da5782b,0x23fc436d72028d7e4fec71f214d9a00b3da5782b,zero_for_one,8448576606,0,0,1922958968535320054,8448576606,-1922958968535320054,1197068446807065265426373817066358,1197068446807065265426373817066358,4417076276675832758,192470,192470
1760059295,23544017,0xaa1ff8f8c9053ce46df4113c52e2002196d5737622f92285fc3cc3e3f4a4f2ad,235,0x8ad599c3a0ff1de082011efddc58f1908eb6e6d8,0xa0b86991c6218b36c1d19d4a2e9eb0ce3606eb48,0xc02aaa39b223fe8d0a0e5c4f27ead9083c756cc2,6,18,0x06cff7088619c7178f5e14f0b119458d08d2f5ef,0x06cff7088619c7178f5e14f0b119458d08d2f5ef,zero_for_one,285799,0,0,65047969321301,285799,-65047969321301,1197068445640313603965494497189196,1197068445640313603965494497189196,4417076276675832758,192470,192470
1760059523,23544036,0xe4091b420ed6044e8dd5f9b0551697c7cf051644f697f0b2d199318fe0c89622,101,0x8ad599c3a0ff1de082011efddc58f1908eb6e6d8,0xa0b86991c6218b36c1d19d4a2e9eb0ce3606eb48,0xc02aaa39b223fe8d0a0e5c4f27ead9083c756cc2,6,18,0x51c72848c68a965f66fa7a88855f9f7784502a7f,0x51c72848c68a965f66fa7a88855f9f7784502a7f,zero_for_one,9468562903,0,0,2154983761811073975,9468562903,-2154983761811073975,1197029792152576041249722795638794,1197029792152576041249722795638794,4417076276675832758,192470,192470
1760059535,23544037,0x6730d8ad240b8070741181c89b0293285dfe053b54df0aaefac3e210e0b28837,15,0x8ad599c3a0ff1de082011efddc58f1908eb6e6d8,0xa0b86991c6218b36c1d19d4a2e9eb0ce3606eb48,0xc02aaa39b223fe8d0a0e5c4f27ead9083c756cc2,6,18,0xfbd4cdb413e45a52e2c8312f670e9ce67e794c37,0xfbd4cdb413e45a52e2c8312f670e9ce67e794c37,zero_for_one,41205603322,0,0,9376508761012802658,41205603322,-9376508761012802658,1196861607699014143756025396788828,1196861607699014143756025396788828,4417076276675832758,192467,192467
1760059535,23544037,0x4e6ce6dabaa963d8514b50c103d6e023321f10c1058da0b023b76822394267b8,440,0x8ad599c3a0ff1de082011efddc58f1908eb6e6d8,0xa0b86991c6218b36c1d19d4a2e9eb0ce3606eb48,0xc02aaa39b223fe8d0a0e5c4f27ead9083c756cc2,6,18,0xffcb2bbd8c94d7671feab47d2bc5484b4e23f018,0x9008d19f58aabd9ed0d60971565aa8510560ab41,zero_for_one,11347449576,0,0,2581697303716868999,11347449576,-2581697303716868999,1196815300340768691052107409861715,1196815300340768691052107409861715,4417076276675832758,192466,192466
1760059715,23544051,0xf4ec80e30431f9c846a1126230c9a936bfc56c83a2c5aee8f84a9b9f146a2deb,35,0x8ad599c3a0ff1de082011efddc58f1908eb6e6d8,0xa0b86991c6218b36c1d19d4a2e9eb0ce3606eb48,0xc02aaa39b223fe8d0a0e5c4f27ead9083c756cc2,6,18,0x51c72848c68a965f66fa7a88855f9f7784502a7f,0x51c72848c68a965f66fa7a88855f9f7784502a7f,zero_for_one,26008405458,0,0,5916508216420183352,26008405458,-5916508216420183352,1196709177184833451091958443833734,1196709177184833451091958443833734,4417076276675832758,192464,192464
1760059727,23544052,0x7690567fa4f0deded26f36d48506b46feddf638890dba07ab7ac794e8b5dd37d,797,0x8ad599c3a0ff1de082011efddc58f1908eb6e6d8,0xa0b86991c6218b36c1d19d4a2e9eb0ce3606eb48,0xc02aaa39b223fe8d0a0e5c4f27ead9083c756cc2,6,18,0x313e8a9425bc393d8fea4de739320574501e8ebc,0x313e8a9425bc393d8fea4de739320574501e8ebc,zero_for_one,1577986430,0,0,358933638662524376,1577986430,-358933638662524376,1196702740075045161828585180143699,1196702740075045161828585180143699,4417767226454024908,192464,192464
1760059763,23544055,0xdd1177380cb6062309aad5f318eea9b0d7d75b418c44dc3c7a852ed0ad5789dc,193,0x8ad599c3a0ff1de082011efddc58f1908eb6e6d8,0xa0b86991c6218b36c1d19d4a2e9eb0ce3606eb48,0xc02aaa39b223fe8d0a0e5c4f27ead9083c756cc2,6,18,0x51c72848c68a965f66fa7a88855f9f7784502a7f,0x51c72848c68a965f66fa7a88855f9f7784502a7f,zero_for_one,7091317657,0,0,1612965223500447982,7091317657,-1612965223500447982,1196673813184082659889146893204534,1196673813184082659889146893204534,4417767226454024908,192464,192464
1760059775,23544056,0x583b828886da56c88e94fcd95b296d29583cc377dc36dd310bfc420eccf9ca37,28,0x8ad599c3a0ff1de082011efddc58f1908eb6e6d8,0xa0b86991c6218b36c1d19d4a2e9eb0ce3606eb48,0xc02aaa39b223fe8d0a0e5c4f27ead9083c756cc2,6,18,0x6e4141d33021b52c91c28608403db4a0ffb50ec6,0x6e4141d33021b52c91c28608403db4a0ffb50ec6,zero_for_one,3062500030,0,0,696560965813596925,3062500030,-696560965813596925,1196661321071535374480754958089832,1196661321071535374480754958089832,4417767226454024908,192463,192463
1760059979,23544073,0x1b0ec2f6501f076f2cb0076988e2045416419a4f17731e15616f69bac5540248,45,0x8ad599c3a0ff1de082011efddc58f1908eb6e6d8,0xa0b86991c6218b36c1d19d4a2e9eb0ce3606eb48,0xc02aaa39b223fe8d0a0e5c4f27ead9083c756cc2,6,18,0xd3987e01ae4ce6664ddc5634fece622bf6004dc6,0xd3987e01ae4ce6664ddc5634fece622bf6004dc6,zero_for_one,236123,0,0,53705111980031,236123,-53705111980031,1196661320108388807065071739238510,1196661320108388807065071739238510,4417767226454024908,192463,192463
1760059979,23544073,0x723f033c5c79e6c7720c1b9a03e157179b150014b3e4dedae2e6fac20105dcee,332,0x8ad599c3a0ff1de082011efddc58f1908eb6e6d8,0xa0b86991c6218b36c1d19d4a2e9eb0ce3606eb48,0xc02aaa39b223fe8d0a0e5c4f27ead9083c756cc2,6,18,0x06cff7088619c7178f5e14f0b119458d08d2f5ef,0x06cff7088619c7178f5e14f0b119458d08d2f5ef,zero_for_one,191204,0,0,43488515898973,191204,-43488515898973,1196661319328466500494471233176894,1196661319328466500494471233176894,4417767226454024908,192463,192463
1760060879,23544148,0x9ea92b750bb5a617ca3e0dd820ffb85854aa1927e9c23dbff3090cb56cd49f50,89,0x8ad599c3a0ff1de082011efddc58f1908eb6e6d8,0xa0b86991c6218b36c1d19d4a2e9eb0ce3606eb48,0xc02aaa39b223fe8d0a0e5c4f27ead9083c756cc2,6,18,0x3611b82c7b13e72b26eb0e9be0613bee7a45ac7c,0x3611b82c7b13e72b26eb0e9be0613bee7a45ac7c,zero_for_one,4502975,0,0,1024184075931841,4502975,-1024184075931841,1196661300960766652808972311900917,1196661300960766652808972311900917,4417767226454024908,192463,192463
1760061239,23544178,0xbd7191e713e3ae9d51bd36bb4e6dfa5aa74a947085b441461fe8f0f231840899,554,0x8ad599c3a0ff1de082011efddc58f1908eb6e6d8,0xa0b86991c6218b36c1d19d4a2e9eb0ce3606eb48,0xc02aaa39b223fe8d0a0e5c4f27ead9083c756cc2,6,18,0x06cff7088619c7178f5e14f0b119458d08d2f5ef,0x06cff7088619c7178f5e14f0b119458d08d2f5ef,zero_for_one,972535,0,0,221199196656807,972535,-221199196656807,1196661296993784011485627941840217,1196661296993784011485627941840217,4417767226454024908,192463,192463
1760061251,23544179,0x09cbf56350b5caf3863b8ebfd450162a6f27c56260174a6178460aab017e9a5a,610,0x8ad599c3a0ff1de082011efddc58f1908eb6e6d8,0xa0b86991c6218b36c1d19d4a2e9eb0ce3606eb48,0xc02aaa39b223fe8d0a0e5c4f27ead9083c756cc2,6,18,0x2b874e6d867e41a9ea3e07f7cfe6c95e242899f1,0x2b874e6d867e41a9ea3e07f7cfe6c95e242899f1,zero_for_one,240914,0,0,54794889141214,240914,-54794889141214,1196661296011093398943818849413221,1196661296011093398943818849413221,4417767226454024908,192463,192463
1760061395,23544190,0xe1073c71d72a7a2026add7908518918e75e86b433294d406ae5da3d7263c163c,412,0x8ad599c3a0ff1de082011efddc58f1908eb6e6d8,0xa0b86991c6218b36c1d19d4a2e9eb0ce3606eb48,0xc02aaa39b223fe8d0a0e5c4f27ead9083c756cc2,6,18,0xd47cbc4946d64cf33a413f0d8c5789f3c0cfa242,0xd47cbc4946d64cf33a413f0d8c5789f3c0cfa242,one_for_zero,0,2894890540700860,12651556,0,-12651556,2894890540700860,1196661347772260505192445051166985,1196661347772260505192445051166985,4417767226454024908,192463,192463
1760061743,23544218,0xf20d260853de55f437e95bffafb1e30597ae2df21b48d73342a7c2a9f0192cf6,212,0x8ad599c3a0ff1de082011efddc58f1908eb6e6d8,0xa0b86991c6218b36c1d19d4a2e9eb0ce3606eb48,0xc02aaa39b223fe8d0a0e5c4f27ead9083c756cc2,6,18,0xa69babef1ca67a37ffaf7a485dfff3382056e78c,0xa69babef1ca67a37ffaf7a485dfff3382056e78c,one_for_zero,0,1522251442495547847,6652552569,0,-6652552569,1522251442495547847,1196688565903718306006286018185361,1196688565903718306006286018185361,4417767226454024908,192464,192464
1760061767,23544220,0xf0ebdb5bdf3ca9a183e654de5b6107421c44ca6f7c3e00be31d5c3732519a89b,221,0x8ad599c3a0ff1de082011efddc58f1908eb6e6d8,0xa0b86991c6218b36c1d19d4a2e9eb0ce3606eb48,0xc02aaa39b223fe8d0a0e5c4f27ead9083c756cc2,6,18,0xa836912dce3b96cb9f3f1bf2406d6491ed601f66,0xa836912dce3b96cb9f3f1bf2406d6491ed601f66,one_for_zero,0,2585363405509664659,11297877570,0,-11297877570,2585363405509664659,1196734792669594768924616766994235,1196734792669594768924616766994235,4417767226454024908,192465,192465
1760061887,23544230,0x7b478bd36f091f943b284fc92bbebfad7ea20fa1734e93f9df18e0507984b6ab,21,0x8ad599c3a0ff1de082011efddc58f1908eb6e6d8,0xa0b86991c6218b36c1d19d4a2e9eb0ce3606eb48,0xc02aaa39b223fe8d0a0e5c4f27ead9083c756cc2,6,18,0xfbd4cdb413e45a52e2c8312f670e9ce67e794c37,0xfbd4cdb413e45a52e2c8312f670e9ce67e794c37,one_for_zero,0,21162521031981477103,92446100737,0,-92446100737,21162521031981477103,1197113182377987921610863202783048,1197113182377987921610863202783048,4417767226454024908,192471,192471
1760061947,23544235,0xb83d16e29517a4e6f8416ff9d6b719c7e0ebde8df996b227febc957843935659,161,0x8ad599c3a0ff1de082011efddc58f1908eb6e6d8,0xa0b86991c6218b36c1d19d4a2e9eb0ce3606eb48,0xc02aaa39b223fe8d0a0e5c4f27ead9083c756cc2,6,18,0xa836912dce3b96cb9f3f1bf2406d6491ed601f66,0xa836912dce3b96cb9f3f1bf2406d6491ed601f66,one_for_zero,0,6703343212492407867,29270616873,0,-29270616873,6703343212492407867,1197233039368542166918249822290278,1197233039368542166918249822290278,4417767226454024908,192473,192473
1760061983,23544238,0x6fb23787994f8c31d75915e67db1987e0aa494c98c81ee37e2cfc50b108c5cb5,45,0x8ad599c3a0ff1de082011efddc58f1908eb6e6d8,0xa0b86991c6218b36c1d19d4a2e9eb0ce3606eb48,0xc02aaa39b223fe8d0a0e5c4f27ead9083c756cc2,6,18,0x51c72848c68a965f66fa7a88855f9f7784502a7f,0x51c72848c68a965f66fa7a88855f9f7784502a7f,one_for_zero,0,11613290720449800192,50696376546,0,-50696376546,11613290720449800192,1197440687109685815375223478720448,1197440687109685815375223478720448,4417767226454024908,192476,192476
1760062055,23544244,0x4333d90da6a34cfec8fcb4d90870219de4c250f1b76d895782297f5d27e86f16,17,0x8ad599c3a0ff1de082011efddc58f1908eb6e6d8,0xa0b86991c6218b36c1d19d4a2e9eb0ce3606eb48,0xc02aaa39b223fe8d0a0e5c4f27ead9083c756cc2,6,18,0xa836912dce3b96cb9f3f1bf2406d6491ed601f66,0xa836912dce3b96cb9f3f1bf2406d6491ed601f66,one_for_zero,0,15342298051495444120,66947943180,0,-66947943180,15342298051495444120,1197715004797656074404750911001088,1197715004797656074404750911001088,4418030112999023029,192481,192481
1760062127,23544250,0x7a15e54c228505c5ce87490c91d0715e12aaf97992bf97e81ffa1b3c41e1884e,145,0x8ad599c3a0ff1de082011efddc58f1908eb6e6d8,0xa0b86991c6218b36c1d19d4a2e9eb0ce3606eb48,0xc02aaa39b223fe8d0a0e5c4f27ead9083c756cc2,6,18,0x66a9893cc07d91d95644aedd05d03f95e1dba8af,0x66a9893cc07d91d95644aedd05d03f95e1dba8af,one_for_zero,0,467368438118358956,2038936478,0,-2038936478,467368438118358956,1197723360932720194906990686936844,1197723360932720194906990686936844,4418030112999023029,192481,192481
1760062319,23544266,0xcfd9ac5a221e69d9d2161f8c6464d02d32a74e57dbb4967339b4150223674821,578,0x8ad599c3a0ff1de082011efddc58f1908eb6e6d8,0xa0b86991c6218b36c1d19d4a2e9eb0ce3606eb48,0xc02aaa39b223fe8d0a0e5c4f27ead9083c756cc2,6,18,0xe592427a0aece92de3edee1f18e0157c05861564,0x58464d914921fa2a998b7cd9abf802fef562a12d,one_for_zero,0,972160000000000,4241105,0,-4241105,972160000000000,1197723378314082737574340285144424,1197723378314082737574340285144424,4418030112999023029,192481,192481
1760062499,23544281,0x8abdc3bf34465ef53930aab4d40fe0c052c491723c4b600b394133ede8436c24,32,0x8ad599c3a0ff1de082011efddc58f1908eb6e6d8,0xa0b86991c6218b36c1d19d4a2e9eb0ce3606eb48,0xc02aaa39b223fe8d0a0e5c4f27ead9083c756cc2,6,18,0x3611b82c7b13e72b26eb0e9be0613bee7a45ac7c,0x3611b82c7b13e72b26eb0e9be0613bee7a45ac7c,zero_for_one,2099191902,0,0,478297461809015403,2099191902,-478297461809015403,1197714801045919066913424236298715,1197714801045919066913424236298715,4418030112999023029,192481,192481
1760062643,23544293,0x151d67cc3e123952668c9c85f0e4fd7a34f20f1358c56dff6463eac67111d0ee,149,0x8ad599c3a0ff1de082011efddc58f1908eb6e6d8,0xa0b86991c6218b36c1d19d4a2e9eb0ce3606eb48,0xc02aaa39b223fe8d0a0e5c4f27ead9083c756cc2,6,18,0x06cff7088619c7178f5e14f0b119458d08d2f5ef,0x06cff7088619c7178f5e14f0b119458d08d2f5ef,zero_for_one,185750,0,0,42322360983287,185750,-42322360983287,1197714800286955726191624885733607,1197714800286955726191624885733607,4418030112999023029,192481,192481
1760063327,23544350,0x7efd6f3695e609aa83d7f319157c8b06d3f11dc8c81e93263865fbf2a94f2249,439,0x8ad599c3a0ff1de082011efddc58f1908eb6e6d8,0xa0b86991c6218b36c1d19d4a2e9eb0ce3606eb48,0xc02aaa39b223fe8d0a0e5c4f27ead9083c756cc2,6,18,0x06cff7088619c7178f5e14f0b119458d08d2f5ef,0x06cff7088619c7178f5e14f0b119458d08d2f5ef,zero_for_one,910481,0,0,207450001709276,910481,-207450001709276,1197714796566772289540027248286252,1197714796566772289540027248286252,4418030112999023029,192481,192481
1760063819,23544391,0x69102fdf070acc5efab6bcdb11f961dcb8f9577e5cffa8cebdad6d44a63da8b4,471,0x8ad599c3a0ff1de082011efddc58f1908eb6e6d8,0xa0b86991c6218b36c1d19d4a2e9eb0ce3606eb48,0xc02aaa39b223fe8d0a0e5c4f27ead9083c756cc2,6,18,0x06cff7088619c7178f5e14f0b119458d08d2f5ef,0x06cff7088619c7178f5e14f0b119458d08d2f5ef,zero_for_one,521005,0,0,118709065844894,521005,-118709065844894,1197714794437972593720057119151209,1197714794437972593720057119151209,4418030112999023029,192481,192481
1760064755,23544469,0xc641be86049411ebed36a29c9e61a949c73a2338c96a204ea8e4c4f2991f1231,5,0x8ad599c3a0ff1de082011efddc58f1908eb6e6d8,0xa0b86991c6218b36c1d19d4a2e9eb0ce3606eb48,0xc02aaa39b223fe8d0a0e5c4f27ead9083c756cc2,6,18,0x51c72848c68a965f66fa7a88855f9f7784502a7f,0x51c72848c68a965f66fa7a88855f9f7784502a7f,one_for_zero,0,7461541487506616320,32548260321,0,-32548260321,7461541487506616320,1197847936221295754985165504331764,1197847936221295754985165504331764,4426790104529360811,192483,192483
1760064779,23544471,0x9ac133bac3c131afd9fdc9291ee14e4f068a2092a5f1fbe7cfcb4f69f393c23a,17,0x8ad599c3a0ff1de082011efddc58f1908eb6e6d8,0xa0b86991c6218b36c1d19d4a2e9eb0ce3606eb48,0xc02aaa39b223fe8d0a0e5c4f27ead9083c756cc2,6,18,0xa69babef1ca67a37ffaf7a485dfff3382056e78c,0xa69babef1ca67a37ffaf7a485dfff3382056e78c,one_for_zero,0,12119631369475856386,52852064696,0,-52852064696,12119631369475856386,1198064195735024004808616134581324,1198064195735024004808616134581324,4426790104529360811,192487,192487
1760064791,23544472,0xe10d59c0c4004432acf7e3577562b00ff3d3d322e00ef0d667111cc8945f1621,11,0x8ad599c3a0ff1de082011efddc58f1908eb6e6d8,0xa0b86991c6218b36c1d19d4a2e9eb0ce3606eb48,0xc02aaa39b223fe8d0a0e5c4f27ead9083c756cc2,6,18,0xa836912dce3b96cb9f3f1bf2406d6491ed601f66,0xa836912dce3b96cb9f3f1bf2406d6491ed601f66,one_for_zero,0,14233465641852478875,62045851310,0,-62045851310,14233465641852478875,1198318173951401710478096625027684,1198318173951401710478096625027684,4426790104529360811,192491,192491
1760064803,23544473,0x0d6c03b7778c1add90c6678c4715a5248e4f2fb4dcd655f225424f52de48effc,18,0x8ad599c3a0ff1de082011efddc58f1908eb6e6d8,0xa0b86991c6218b36c1d19d4a2e9eb0ce3606eb48,0xc02aaa39b223fe8d0a0e5c4f27ead9083c756cc2,6,18,0xfbd4cdb413e45a52e2c8312f670e9ce67e794c37,0xfbd4cdb413e45a52e2c8312f670e9ce67e794c37,one_for_zero,0,26937461538010636839,117352550700,0,-117352550700,26937461538010636839,1198798838928387355413545519073611,1198798838928387355413545519073611,4426790104529360811,192499,192499
1760064839,23544476,0xfd75073c7fa1a6d5061a70e70b4396240553ea0614d452de0fcf194239f3e8ba,49,0x8ad599c3a0ff1de082011efddc58f1908eb6e6d8,0xa0b86991c6218b36c1d19d4a2e9eb0ce3606eb48,0xc02aaa39b223fe8d0a0e5c4f27ead9083c756cc2,6,18,0xe592427a0aece92de3edee1f18e0157c05861564,0x0e5891850bb3f03090f03010000806f080040100,one_for_zero,0,11024294281896838913,48000000000,0,-48000000000,11024294281896838913,1198995553535285769863339554810424,1198995553535285769863339554810424,4426790104529360811,192502,192502
1760065211,23544506,0x856e2597da68d218c1c9aeacce6eb20f7eed8bcdca19a72f1ade3c047c67c4ce,384,0x8ad599c3a0ff1de082011efddc58f1908eb6e6d8,0xa0b86991c6218b36c1d19d4a2e9eb0ce3606eb48,0xc02aaa39b223fe8d0a0e5c4f27ead9083c756cc2,6,18,0x6745024462abf2c049f54b381c4ad4a8c8d999c4,0x6745024462abf2c049f54b381c4ad4a8c8d999c4,zero_for_one,519086,0,0,118524962981259,519086,-118524962981259,1198995551413993635531453624203555,1198995551413993635531453624203555,4426790104529360811,192502,192502
1760065475,23544528,0x475bb91ca8a08da32c03b300f6b528ba49bb8cba21241abdde7adc4fff1a29d2,11,0x8ad599c3a0ff1de082011efddc58f1908eb6e6d8,0xa0b86991c6218b36c1d19d4a2e9eb0ce3606eb48,0xc02aaa39b223fe8d0a0e5c4f27ead9083c756cc2,6,18,0x51c72848c68a965f66fa7a88855f9f7784502a7f,0x51c72848c68a965f66fa7a88855f9f7784502a7f,one_for_zero,0,13332387120538126336,58028445335,0,-58028445335,13332387120538126336,1199233451022292452100699809686435,1199233451022292452100699809686435,4426790104529360811,192506,192506
1760065487,23544529,0x29660ea506317db86d8f6e4988eeb5e29dd8edcc07b82953f198f179601ef40d,81,0x8ad599c3a0ff1de082011efddc58f1908eb6e6d8,0xa0b86991c6218b36c1d19d4a2e9eb0ce3606eb48,0xc02aaa39b223fe8d0a0e5c4f27ead9083c756cc2,6,18,0xa69babef1ca67a37ffaf7a485dfff3382056e78c,0xa69babef1ca67a37ffaf7a485dfff3382056e78c,one_for_zero,0,6748106619786836170,29361969921,0,-29361969921,6748106619786836170,1199353862461526234480612501659073,1199353862461526234480612501659073,4426790104529360811,192508,192508
1760065499,23544530,0x40f88920bd31f6a7a8877935734291955d89b4f5440367ee4854d8b952aa530a,139,0x8ad599c3a0ff1de082011efddc58f1908eb6e6d8,0xa0b86991c6218b36c1d19d4a2e9eb0ce3606eb48,0xc02aaa39b223fe8d0a0e5c4f27ead9083c756cc2,6,18,0x64f2095cc11e4726078f4a64d4279c7e7fb7e6ec,0x64f2095cc11e4726078f4a64d4279c7e7fb7e6ec,one_for_zero,0,960565105134166446,4179075804,0,-4179075804,960565105134166446,1199371002532557093223814103292263,1199371002532557093223814103292263,4426790104529360811,192509,192509
1760065643,23544542,0x4643664e239fbe0e772f66c1468ff4ecef89dba9c9835410d661baf0c25e68dd,14,0x8ad599c3a0ff1de082011efddc58f1908eb6e6d8,0xa0b86991c6218b36c1d19d4a2e9eb0ce3606eb48,0xc02aaa39b223fe8d0a0e5c4f27ead9083c756cc2,6,18,0x68b3465833fb72a70ecdf485e0e4c7bd8665fc45,0x6321c20db6433b21f826eadbb70e14846cf19922,zero_for_one,8647935579,0,0,1975798816865545730,8647935579,-1975798816865545730,1199335640813103092304992540317911,1199335640813103092304992540317911,4426790104529360811,192508,192508
1760065907,23544564,0x8aec31f5b9ce4a9743f978438503077a769178bbb3c5fd1197600f131e904aa2,447,0x8ad599c3a0ff1de082011efddc58f1908eb6e6d8,0xa0b86991c6218b36c1d19d4a2e9eb0ce3606eb48,0xc02aaa39b223fe8d0a0e5c4f27ead9083c756cc2,6,18,0xaba2fc41e2db95e77c6799d0f580034395ff2b9e,0xaba2fc41e2db95e77c6799d0f580034395ff2b9e,one_for_zero,0,231561999409516384,1007485120,0,-1007485120,231561999409516384,1199339772744501300253229221934033,1199339772744501300253229221934033,4426790104529360811,192508,192508
1760065967,23544569,0x0c704e9d1ae1998e6940df65c6bbed65f94648b3a1befc3ebc0780b53a0caa5d,711,0x8ad599c3a0ff1de082011efddc58f1908eb6e6d8,0xa0b86991c6218b36c1d19d4a2e9eb0ce3606eb48,0xc02aaa39b223fe8d0a0e5c4f27ead9083c756cc2,6,18,0xa12ffb73efa3b5f2edb0c528cbff7aee34d60e37,0xa12ffb73efa3b5f2edb0c528cbff7aee34d60e37,one_for_zero,0,29683352677951805,129146492,0,-129146492,29683352677951805,1199340302406437398860674163195906,1199340302406437398860674163195906,4426790104529360811,192508,192508
1760066039,23544575,0x2391776bb7408f2c0ff149fe3937609108a59fa77a26ca2de01750df1aa2bae3,204,0x8ad599c3a0ff1de082011efddc58f1908eb6e6d8,0xa0b86991c6218b36c1d19d4a2e9eb0ce3606eb48,0xc02aaa39b223fe8d0a0e5c4f27ead9083c756cc2,6,18,0xd3987e01ae4ce6664ddc5634fece622bf6004dc6,0xd3987e01ae4ce6664ddc5634fece622bf6004dc6,zero_for_one,315055,0,0,71979042968941,315055,-71979042968941,1199340301118197572868110549622447,1199340301118197572868110549622447,4426790104529360811,192508,192508
1760066951,23544651,0x6c323638c8cd0ec3952282f288c21a70cf0927be4512f9210123b062e796fc3c,27,0x8ad599c3a0ff1de082011efddc58f1908eb6e6d8,0xa0b86991c6218b36c1d19d4a2e9eb0ce3606eb48,0xc02aaa39b223fe8d0a0e5c4f27ead9083c756cc2,6,18,0xfbd4cdb413e45a52e2c8312f670e9ce67e794c37,0xfbd4cdb413e45a52e2c8312f670e9ce67e794c37,zero_for_one,40205387342,0,0,9184289610297746749,40205387342,-9184289610297746749,1199175925945071965468534094959119,1199175925945071965468534094959119,4426790104529360811,192505,192505
1760066951,23544651,0x18c115bd81b0e9304acffd4474572ba062f7b89407323fb48f6d3f4e34fce148,278,0x8ad599c3a0ff1de082011efddc58f1908eb6e6d8,0xa0b86991c6218b36c1d19d4a2e9eb0ce3606eb48,0xc02aaa39b223fe8d0a0e5c4f27ead9083c756cc2,6,18,0x06cff7088619c7178f5e14f0b119458d08d2f5ef,0x06cff7088619c7178f5e14f0b119458d08d2f5ef,zero_for_one,1362916,0,0,311294036370433,1362916,-311294036370433,1199175920373708986671928271839931,1199175920373708986671928271839931,4426790104529360811,192505,192505
1760066963,23544652,0xe3847c21cf4a8bf9bed2ed20db1d2e3aefc9332400651263d650e18be88006be,323,0x8ad599c3a0ff1de082011efddc58f1908eb6e6d8,0xa0b86991c6218b36c1d19d4a2e9eb0ce3606eb48,0xc02aaa39b223fe8d0a0e5c4f27ead9083c756cc2,6,18,0x2e1dee213ba8d7af0934c49a23187babeaca8764,0x2e1dee213ba8d7af0934c49a23187babeaca8764,zero_for_one,9330730,0,0,2131166399003212,9330730,-2131166399003212,1199175882231309230151890226633483,1199175882231309230151890226633483,4426790104529360811,192505,192505
1760066975,23544653,0x4d08f77d98d537cce86a33b92405deff950e6908d78c2e031fd8e006b48d7beb,13,0x8ad599c3a0ff1de082011efddc58f1908eb6e6d8,0xa0b86991c6218b36c1d19d4a2e9eb0ce3606eb48,0xc02aaa39b223fe8d0a0e5c4f27ead9083c756cc2,6,18,0xfbd4cdb413e45a52e2c8312f670e9ce67e794c37,0xfbd4cdb413e45a52e2c8312f670e9ce67e794c37,zero_for_one,60909400450,0,0,13909000486186566589,60909400450,-13909000486186566589,1198926946879754374872944121826150,1198926946879754374872944121826150,4426790104529360811,192501,192501
1760066999,23544655,0xc1b7f9c723779893a725e0074d4813bbb685e32d9afddf9b47d4c1839d17ebfc,140,0x8ad599c3a0ff1de082011efddc58f1908eb6e6d8,0xa0b86991c6218b36c1d19d4a2e9eb0ce3606eb48,0xc02aaa39b223fe8d0a0e5c4f27ead9083c756cc2,6,18,0x06cff7088619c7178f5e14f0b119458d08d2f5ef,0x06cff7088619c7178f5e14f0b119458d08d2f5ef,zero_for_one,3811670,0,0,870235125696959,3811670,-870235125696959,1198926931304782818440828506375644,1198926931304782818440828506375644,4426790104529360811,192501,192501
1760067011,23544656,0xe28c14614fb9cb955e3092b4a738fa4c0602134fc606beec98c62b0d43c468d6,40,0x8ad599c3a0ff1de082011efddc58f1908eb6e6d8,0xa0b86991c6218b36c1d19d4a2e9eb0ce3606eb48,0xc02aaa39b223fe8d0a0e5c4f27ead9083c756cc2,6,18,0xfbd4cdb413e45a52e2c8312f670e9ce67e794c37,0xfbd4cdb413e45a52e2c8312f670e9ce67e794c37,zero_for_one,39439125569,0,0,9003063807515832159,39439125569,-9003063807515832159,1198765799607633154123407789803552,1198765799607633154123407789803552,4426790104529360811,192499,192499
1760067023,23544657,0x5128594ec30f6a36270387d1c0a16132507d346a3195656b439372f0af371974,80,0x8ad599c3a0ff1de082011efddc58f1908eb6e6d8,0xa0b86991c6218b36c1d19d4a2e9eb0ce3606eb48,0xc02aaa39b223fe8d0a0e5c4f27ead9083c756cc2,6,18,0x51c72848c68a965f66fa7a88855f9f7784502a7f,0x51c72848c68a965f66fa7a88855f9f7784502a7f,zero_for_one,29179354968,0,0,6659431940095324863,29179354968,-6659431940095324863,1198646612895920142153864205525419,1198646612895920142153864205525419,4426790104529360811,192497,192497
1760067035,23544658,0xd1adb855a08c7ec52f43548569ebbc9f002c526afa1f749352765184adf3d302,11,0x8ad599c3a0ff1de082011efddc58f1908eb6e6d8,0xa0b86991c6218b36c1d19d4a2e9eb0ce3606eb48,0xc02aaa39b223fe8d0a0e5c4f27ead9083c756cc2,6,18,0xa69babef1ca67a37ffaf7a485dfff3382056e78c,0xa69babef1ca67a37ffaf7a485dfff3382056e78c,zero_for_one,200669082059,0,0,45761677048749539711,200669082059,-45761677048749539711,1197827596520503112941217540965796,1197827596520503112941217540965796,4426790104529360811,192483,192483
1760067119,23544665,0x37cde12ff60057537c43baee1d114881f0b5fd9f82bac7d77ef800f33b847b56,9,0x8ad599c3a0ff1de082011efddc58f1908eb6e6d8,0xa0b86991c6218b36c1d19d4a2e9eb0ce3606eb48,0xc02aaa39b223fe8d0a0e5c4f27ead9083c756cc2,6,18,0x51c72848c68a965f66fa7a88855f9f7784502a7f,0x51c72848c68a965f66fa7a88855f9f7784502a7f,zero_for_one,101687405652,0,0,23165487122100658840,101687405652,-23165487122100658840,1197412981287468540937103714330403,1197412981287468540937103714330403,4426527217984362690,192476,192476
1760067131,23544666,0x8e0d1a6f2026944f020b68855daf0e30a7ea63af96f93e4d177a3b289b1419cb,17,0x8ad599c3a0ff1de082011efddc58f1908eb6e6d8,0xa0b86991c6218b36c1d19d4a2e9eb0ce3606eb48,0xc02aaa39b223fe8d0a0e5c4f27ead9083c756cc2,6,18,0x4906fa6188f2614f2452a6d5c8dd11030619c493,0x817648d73fd85c802cfde8a29eba9f68b783ca60,zero_for_one,90000000000,0,0,20489595852245446606,90000000000,-20489595852245446606,1197046248417638250093156584464209,1197046248417638250093156584464209,4426527217984362690,192470,192470
1760067371,23544686,0xae85c6fa1407459ca322e5273de62a9c69d64ec243d3b1398f0b944e74431ea1,645,0x8ad599c3a0ff1de082011efddc58f1908eb6e6d8,0xa0b86991c6218b36c1d19d4a2e9eb0ce3606eb48,0xc02aaa39b223fe8d0a0e5c4f27ead9083c756cc2,6,18,0xaba2fc41e2db95e77c6799d0f580034395ff2b9e,0xaba2fc41e2db95e77c6799d0f580034395ff2b9e,zero_for_one,1010160565,0,0,229904127308611369,1010160565,-229904127308611369,1197042133480428081757107725810775,1197042133480428081757107725810775,4426527217984362690,192470,192470
1760067407,23544689,0x06d4b2033156c0f8e6efb8345877bbbe83b72d5b102a37e37158539a223fd98d,706,0x8ad599c3a0ff1de082011efddc58f1908eb6e6d8,0xa0b86991c6218b36c1d19d4a2e9eb0ce3606eb48,0xc02aaa39b223fe8d0a0e5c4f27ead9083c756cc2,6,18,0xaba2fc41e2db95e77c6799d0f580034395ff2b9e,0xaba2fc41e2db95e77c6799d0f580034395ff2b9e,zero_for_one,1009244397,0,0,229694036520152771,1009244397,-229694036520152771,1197038022303526234382236585981374,1197038022303526234382236585981374,4426527217984362690,192470,192470
1760067419,23544690,0x8c6c85ac2ef0bbbdc591e0513da206ec3ae09bd5fef62b0b7be6e9b5ce20fadf,46,0x8ad599c3a0ff1de082011efddc58f1908eb6e6d8,0xa0b86991c6218b36c1d19d4a2e9eb0ce3606eb48,0xc02aaa39b223fe8d0a0e5c4f27ead9083c756cc2,6,18,0x66a9893cc07d91d95644aedd05d03f95e1dba8af,0x66a9893cc07d91d95644aedd05d03f95e1dba8af,zero_for_one,995000000,0,0,226450608424873332,995000000,-226450608424873332,1197033969179096580580142161755490,1197033969179096580580142161755490,4426527217984362690,192470,192470
1760067503,23544697,0xec85fdf15c31f3a55531fbdbdead41f342e5601ed8418c3988c42de1846ab8ec,85,0x8ad599c3a0ff1de082011efddc58f1908eb6e6d8,0xa0b86991c6218b36c1d19d4a2e9eb0ce3606eb48,0xc02aaa39b223fe8d0a0e5c4f27ead9083c756cc2,6,18,0x66a9893cc07d91d95644aedd05d03f95e1dba8af,0x66a9893cc07d91d95644aedd05d03f95e1dba8af,zero_for_one,6669600000,0,0,1517885010659375517,6669600000,-1517885010659375517,1197006801326199643599863993850004,1197006801326199643599863993850004,4426527217984362690,192469,192469
1760067503,23544697,0x974f232827926a9ea58e0423d70280c51ace4f2ceb5fc627ca6646913d6f1a3b,536,0x8ad599c3a0ff1de082011efddc58f1908eb6e6d8,0xa0b86991c6218b36c1d19d4a2e9eb0ce3606eb48,0xc02aaa39b223fe8d0a0e5c4f27ead9083c756cc2,6,18,0xaba2fc41e2db95e77c6799d0f580034395ff2b9e,0xaba2fc41e2db95e77c6799d0f580034395ff2b9e,zero_for_one,1008696047,0,0,229555686096715980,1008696047,-229555686096715980,1197002692625561759413415955178657,1197002692625561759413415955178657,4426527217984362690,192469,192469
1760067587,23544704,0x5324e834cc92df517ab9322cbf0c7a0c39431883aff4ab8868e0dcaf3c42a7a9,185,0x8ad599c3a0ff1de082011efddc58f1908eb6e6d8,0xa0b86991c6218b36c1d19d4a2e9eb0ce3606eb48,0xc02aaa39b223fe8d0a0e5c4f27ead9083c756cc2,6,18,0xd3987e01ae4ce6664ddc5634fece622bf6004dc6,0xd3987e01ae4ce6664ddc5634fece622bf6004dc6,zero_for_one,415382,0,0,94530732329642,415382,-94530732329642,1197002690933604192050783277123303,1197002690933604192050783277123303,4426527217984362690,192469,192469
1760068031,23544740,0x0e5802345cf8d0ebc131ba2495649fa70991ee87bb3153e88c1e489c2dbf1b0c,543,0x8ad599c3a0ff1de082011efddc58f1908eb6e6d8,0xa0b86991c6218b36c1d19d4a2e9eb0ce3606eb48,0xc02aaa39b223fe8d0a0e5c4f27ead9083c756cc2,6,18,0xaba2fc41e2db95e77c6799d0f580034395ff2b9e,0xaba2fc41e2db95e77c6799d0f580034395ff2b9e,zero_for_one,1006953340,0,0,229157514164245772,1006953340,-229157514164245772,1196998589359643502166805209341556,1196998589359643502166805209341556,4426527217984362690,192469,192469
1760068379,23544769,0xb1a3d4a4f6c664c41c39c3f957681592878f3d7ccdde1be99e145488c7b875d4,22,0x8ad599c3a0ff1de082011efddc58f1908eb6e6d8,0xa0b86991c6218b36c1d19d4a2e9eb0ce3606eb48,0xc02aaa39b223fe8d0a0e5c4f27ead9083c756cc2,6,18,0xa69babef1ca67a37ffaf7a485dfff3382056e78c,0xa69babef1ca67a37ffaf7a485dfff3382056e78c,one_for_zero,0,21844281341382648604,95381336481,0,-95381336481,21844281341382648604,1197388396117929226337165207236891,1197388396117929226337165207236891,4426527217984362690,192476,192476
1760068415,23544772,0x15259c0c955735374383eef22f85f3d851e06d1cbe63bdd0036518878ede27af,5,0x8ad599c3a0ff1de082011efddc58f1908eb6e6d8,0xa0b86991c6218b36c1d19d4a2e9eb0ce3606eb48,0xc02aaa39b223fe8d0a0e5c4f27ead9083c756cc2,6,18,0x51c72848c68a965f66fa7a88855f9f7784502a7f,0x51c72848c68a965f66fa7a88855f9f7784502a7f,one_for_zero,0,37799503039591006208,164901934222,0,-164901934222,37799503039591006208,1198062894533085103940221012164739,1198062894533085103940221012164739,4426790104529360811,192487,192487
1760068475,23544777,0x6020ed54992861165d87a867441a67fea2509e5f472fac79aa9359d965d23bf6,9,0x8ad599c3a0ff1de082011efddc58f1908eb6e6d8,0xa0b86991c6218b36c1d19d4a2e9eb0ce3606eb48,0xc02aaa39b223fe8d0a0e5c4f27ead9083c756cc2,6,18,0x51c72848c68a965f66fa7a88855f9f7784502a7f,0x51c72848c68a965f66fa7a88855f9f7784502a7f,one_for_zero,0,20575475732629118976,89683367622,0,-89683367622,20575475732629118976,1198430037909068676772709508860651,1198430037909068676772709508860651,4426790104529360811,192493,192493
1760068511,23544780,0x59354f3910c7a4c61192336418907dd652dda2658389ba4801a02203626ac755,5,0x8ad599c3a0ff1de082011efddc58f1908eb6e6d8,0xa0b86991c6218b36c1d19d4a2e9eb0ce3606eb48,0xc02aaa39b223fe8d0a0e5c4f27ead9083c756cc2,6,18,0x51c72848c68a965f66fa7a88855f9f7784502a7f,0x51c72848c68a965f66fa7a88855f9f7784502a7f,one_for_zero,0,16772798384208513024,73067800777,0,-73067800777,16772798384208513024,1198729327310854151870689528318817,1198729327310854151870689528318817,4426790104529360811,192498,192498
1760068523,23544781,0xaf48cad0122119636d827382be9fd7664b2eaec34755fdb67f7505c15e9baf63,40,0x8ad599c3a0ff1de082011efddc58f1908eb6e6d8,0xa0b86991c6218b36c1d19d4a2e9eb0ce3606eb48,0xc02aaa39b223fe8d0a0e5c4f27ead9083c756cc2,6,18,0x3fc91a3afd70395cd496c647d5a6cc9d4b2b7fad,0x3fc91a3afd70395cd496c647d5a6cc9d4b2b7fad,zero_for_one,502870000,0,0,114771282674296685,502870000,-114771282674296685,1198727273199947383117575341025082,1198727273199947383117575341025082,4426790104529360811,192498,192498
1760068535,23544782,0xdba3f2be43fa6cab333cc848216475f3fd425c6e35b2c920f4d3e3496090185a,9,0x8ad599c3a0ff1de082011efddc58f1908eb6e6d8,0xa0b86991c6218b36c1d19d4a2e9eb0ce3606eb48,0xc02aaa39b223fe8d0a0e5c4f27ead9083c756cc2,6,18,0xa69babef1ca67a37ffaf7a485dfff3382056e78c,0xa69babef1ca67a37ffaf7a485dfff3382056e78c,one_for_zero,0,44114937845876173954,192005702595,0,-192005702595,44114937845876173954,1199514448545125702601916101059165,1199514448545125702601916101059165,4426790104529360811,192511,192511
1760068535,23544782,0x73398a25dec38a6c7710927f19639d0c70bbde62c8c54b77555a47f43c3c9bdf,137,0x8ad599c3a0ff1de082011efddc58f1908eb6e6d8,0xa0b86991c6218b36c1d19d4a2e9eb0ce3606eb48,0xc02aaa39b223fe8d0a0e5c4f27ead9083c756cc2,6,18,0x207e1074858a7e78f17002075739ed2745dbaece,0x207e1074858a7e78f17002075739ed2745dbaece,one_for_zero,0,4503087746763318569,19585049666,0,-19585049666,4503087746763318569,1199594800458208087994523797226343,1199594800458208087994523797226343,4426790104529360811,192512,192512
1760068559,23544784,0x93b63557e98f20f80156e12a3de6d939bd82ec3b37d780e6638a62c1b78a696b,274,0x8ad599c3a0ff1de082011efddc58f1908eb6e6d8,0xa0b86991c6218b36c1d19d4a2e9eb0ce3606eb48,0xc02aaa39b223fe8d0a0e5c4f27ead9083c756cc2,6,18,0xe592427a0aece92de3edee1f18e0157c05861564,0x1646ed40ccc2ab33ce5c1d8414bdfe702b34ac5d,one_for_zero,0,16198080169835947000,70427795226,0,-70427795226,16198080169835947000,1199883834739372979867384427967582,1199883834739372979867384427967582,4426790104529360811,192517,192517
1760068607,23544788,0x5ae3434867941832e81f6dc8fc0a8374f1c307c7e13c1403673fdf458e045c66,138,0x8ad599c3a0ff1de082011efddc58f1908eb6e6d8,0xa0b86991c6218b36c1d19d4a2e9eb0ce3606eb48,0xc02aaa39b223fe8d0a0e5c4f27ead9083c756cc2,6,18,0x3fc91a3afd70395cd496c647d5a6cc9d4b2b7fad,0x3fc91a3afd70395cd496c647d5a6cc9d4b2b7fad,one_for_zero,0,1647087275958349082,7159486848,0,-7159486848,1647087275958349082,1199913224931409995996532048290513,1199913224931409995996532048290513,4426790104529360811,192518,192518
1760069711,23544880,0xfe89cdeac3cb623d24487d11b3f55b8fd1c146c8b53d6293c19595acc9f45f64,139,0x8ad599c3a0ff1de082011efddc58f1908eb6e6d8,0xa0b86991c6218b36c1d19d4a2e9eb0ce3606eb48,0xc02aaa39b223fe8d0a0e5c4f27ead9083c756cc2,6,18,0x06cff7088619c7178f5e14f0b119458d08d2f5ef,0x06cff7088619c7178f5e14f0b119458d08d2f5ef,zero_for_one,2084166,0,0,476615179105476,2084166,-476615179105476,1199913216401223568522228181321920,1199913216401223568522228181321920,4426790104529360811,192518,192518
1760070743,23544966,0x868094e104c084ff3cc4cefb53747041942fc8423fed6e0ab5a9e1dd64f627eb,345,0x8ad599c3a0ff1de082011efddc58f1908eb6e6d8,0xa0b86991c6218b36c1d19d4a2e9eb0ce3606eb48,0xc02aaa39b223fe8d0a0e5c4f27ead9083c756cc2,6,18,0xd3987e01ae4ce6664ddc5634fece622bf6004dc6,0xd3987e01ae4ce6664ddc5634fece622bf6004dc6,zero_for_one,448897,0,0,102655463229513,448897,-102655463229513,1199913214563954682562770563142098,1199913214563954682562770563142098,4426790104529360811,192518,192518
1760070923,23544981,0xc736711179d1a20aa082b3011f5d68a16ac041e056eee19ed8fa6b5091987c93,96,0x8ad599c3a0ff1de082011efddc58f1908eb6e6d8,0xa0b86991c6218b36c1d19d4a2e9eb0ce3606eb48,0xc02aaa39b223fe8d0a0e5c4f27ead9083c756cc2,6,18,0x9a6fae683549309386b633275a4f6933a022a092,0x9a6fae683549309386b633275a4f6933a022a092,zero_for_one,1004345582,0,0,229676916442347837,1004345582,-229676916442347837,1199909103937601955575438938365432,1199909103937601955575438938365432,4426790104529360811,192518,192518
1760070947,23544983,0xe6cf66419a9194760dae9362eef4aaa59bc07f0d9c2545c35d29a0661e4293ec,12,0x8ad599c3a0ff1de082011efddc58f1908eb6e6d8,0xa0b86991c6218b36c1d19d4a2e9eb0ce3606eb48,0xc02aaa39b223fe8d0a0e5c4f27ead9083c756cc2,6,18,0xa69babef1ca67a37ffaf7a485dfff3382056e78c,0xa69babef1ca67a37ffaf7a485dfff3382056e78c,one_for_zero,0,12683040392787204576,55118717100,0,-55118717100,12683040392787204576,1200135416773720710557757482970806,1200135416773720710557757482970806,4426790104529360811,192521,192521
1760070959,23544984,0x56212db167cb6e4083a7022d65af7bcae19613d6417bb2ffcdcc7ecf9a74a64a,87,0x8ad599c3a0ff1de082011efddc58f1908eb6e6d8,0xa0b86991c6218b36c1d19d4a2e9eb0ce3606eb48,0xc02aaa39b223fe8d0a0e5c4f27ead9083c756cc2,6,18,0x06cff7088619c7178f5e14f0b119458d08d2f5ef,0x06cff7088619c7178f5e14f0b119458d08d2f5ef,zero_for_one,2480655,0,0,567496064303785,2480655,-567496064303785,1200135406617000073890958054104204,1200135406617000073890958054104204,4426790104529360811,192521,192521
1760070983,23544986,0x5bc9995aa7bd7d67d0ea2fb9c6f46596c8fc7f20a2bc91d9d53825b2494de198,9,0x8ad599c3a0ff1de082011efddc58f1908eb6e6d8,0xa0b86991c6218b36c1d19d4a2e9eb0ce3606eb48,0xc02aaa39b223fe8d0a0e5c4f27ead9083c756cc2,6,18,0xa69babef1ca67a37ffaf7a485dfff3382056e78c,0xa69babef1ca67a37ffaf7a485dfff3382056e78c,one_for_zero,0,15148404304233916093,65805608914,0,-65805608914,15148404304233916093,1200405710758167548317366679627844,1200405710758167548317366679627844,4426790104529360811,192526,192526
1760070995,23544987,0x05d7df51be4d60bc8b7914e986691f47082ddeeece237b233b833a3a980ced92,115,0x8ad599c3a0ff1de082011efddc58f1908eb6e6d8,0xa0b86991c6218b36c1d19d4a2e9eb0ce3606eb48,0xc02aaa39b223fe8d0a0e5c4f27ead9083c756cc2,6,18,0x51c72848c68a965f66fa7a88855f9f7784502a7f,0x51c72848c68a965f66fa7a88855f9f7784502a7f,one_for_zero,0,3780973974829450752,16420164364,0,-16420164364,3780973974829450752,1200473177463077001941264935885595,1200473177463077001941264935885595,4426790104529360811,192527,192527
1760071019,23544989,0x5de07b3efa4c9cc66e9d50b83278ea1e60758daf6bbff27158cc97556db96d0a,12,0x8ad599c3a0ff1de082011efddc58f1908eb6e6d8,0xa0b86991c6218b36c1d19d4a2e9eb0ce3606eb48,0xc02aaa39b223fe8d0a0e5c4f27ead9083c756cc2,6,18,0x51c72848c68a965f66fa7a88855f9f7784502a7f,0x51c72848c68a965f66fa7a88855f9f7784502a7f,one_for_zero,0,4382367094710026752,19029609189,0,-19029609189,4382367094710026752,1200551375268603298258388234805545,1200551375268603298258388234805545,4426790104529360811,192528,192528
1760071031,23544990,0x40d0fd7aa6e0c2703799a77c4ceea6c7dc44ddb6a9feb7a8b868ee2bb1a901bc,16,0x8ad599c3a0ff1de082011efddc58f1908eb6e6d8,0xa0b86991c6218b36c1d19d4a2e9eb0ce3606eb48,0xc02aaa39b223fe8d0a0e5c4f27ead9083c756cc2,6,18,0x51c72848c68a965f66fa7a88855f9f7784502a7f,0x51c72848c68a965f66fa7a88855f9f7784502a7f,one_for_zero,0,9785086701007964160,42480962450,0,-42480962450,9785086701007964160,1200725977781438658810525794216454,1200725977781438658810525794216454,4426790104529360811,192531,192531
1760071079,23544994,0xac09a2bc8d329eb9896307e3e7491da9c04572be00156573d101a505b3cc43c8,38,0x8ad599c3a0ff1de082011efddc58f1908eb6e6d8,0xa0b86991c6218b36c1d19d4a2e9eb0ce3606eb48,0xc02aaa39b223fe8d0a0e5c4f27ead9083c756cc2,6,18,0x5141b82f5ffda4c6fe1e372978f1c5427640a190,0x5141b82f5ffda4c6fe1e372978f1c5427640a190,one_for_zero,0,2863214075381572189,12428017440,0,-12428017440,2863214075381572189,1200777068220146340227638053177699,1200777068220146340227638053177699,4426790104529360811,192532,192532
1760071139,23544999,0x10099616147450eaed5474897fdd54492290dd2e2700c28702cb56024d48bc84,280,0x8ad599c3a0ff1de082011efddc58f1908eb6e6d8,0xa0b86991c6218b36c1d19d4a2e9eb0ce3606eb48,0xc02aaa39b223fe8d0a0e5c4f27ead9083c756cc2,6,18,0xa69babef1ca67a37ffaf7a485dfff3382056e78c,0xa69babef1ca67a37ffaf7a485dfff3382056e78c,one_for_zero,0,2168926281264034535,9413699890,0,-9413699890,2168926281264034535,1200815769970108795281203159881976,1200815769970108795281203159881976,4426790104529360811,192533,192533
1760071151,23545000,0x61a98bd6594323650c69cd72ea53c590c1a7fada27c9b7901055b4810b85233b,5,0x8ad599c3a0ff1de082011efddc58f1908eb6e6d8,0xa0b86991c6218b36c1d19d4a2e9eb0ce3606eb48,0xc02aaa39b223fe8d0a0e5c4f27ead9083c756cc2,6,18,0x51c72848c68a965f66fa7a88855f9f7784502a7f,0x51c72848c68a965f66fa7a88855f9f7784502a7f,one_for_zero,0,13572909577157140480,58896153571,0,-58896153571,13572909577157140480,1201057961397846951909497623312530,1201057961397846951909497623312530,4426790104529360811,192537,192537
1760071355,23545017,0x0afe6f892c71d9fad11d2b463fc8eb3f11e30e54d92b67b9fcb63ab733ba1e55,453,0x8ad599c3a0ff1de082011efddc58f1908eb6e6d8,0xa0b86991c6218b36c1d19d4a2e9eb0ce3606eb48,0xc02aaa39b223fe8d0a0e5c4f27ead9083c756cc2,6,18,0xaba2fc41e2db95e77c6799d0f580034395ff2b9e,0xaba2fc41e2db95e77c6799d0f580034395ff2b9e,one_for_zero,0,230270602029376192,998995205,0,-998995205,230270602029376192,1201062070285890049038745491559773,1201062070285890049038745491559773,4426790104529360811,192537,192537
1760071595,23545037,0x7b3e82733fa32624a04bf311b149be7476d7548de68db189988d8dee079b0164,31,0x8ad599c3a0ff1de082011efddc58f1908eb6e6d8,0xa0b86991c6218b36c1d19d4a2e9eb0ce3606eb48,0xc02aaa39b223fe8d0a0e5c4f27ead9083c756cc2,6,18,0x66a9893cc07d91d95644aedd05d03f95e1dba8af,0x66a9893cc07d91d95644aedd05d03f95e1dba8af,one_for_zero,0,250000000000000000,1084580563,0,-1084580563,250000000000000000,1201066531220120130380407254999461,1201066531220120130380407254999461,4426790104529360811,192537,192537
1760071847,23545058,0x1b289a941f3a6e8bc75d1140f46f1e37a2aa5a8a826a6788bc731651d8e1450b,71,0x8ad599c3a0ff1de082011efddc58f1908eb6e6d8,0xa0b86991c6218b36c1d19d4a2e9eb0ce3606eb48,0xc02aaa39b223fe8d0a0e5c4f27ead9083c756cc2,6,18,0x68b3465833fb72a70ecdf485e0e4c7bd8665fc45,0x6321c20db6433b21f826eadbb70e14846cf19922,zero_for_one,2890914603,0,0,662370675940205630,2890914603,-662370675940205630,1201054676487838069080255561859082,1201054676487838069080255561859082,4426790104529360811,192537,192537
1760072663,23545126,0xa4a4a1efcc46fb3a4ef5b81f704515ddc0bec275a510c250dc4403c186cd8b6e,18,0x8ad599c3a0ff1de082011efddc58f1908eb6e6d8,0xa0b86991c6218b36c1d19d4a2e9eb0ce3606eb48,0xc02aaa39b223fe8d0a0e5c4f27ead9083c756cc2,6,18,0x51c72848c68a965f66fa7a88855f9f7784502a7f,0x51c72848c68a965f66fa7a88855f9f7784502a7f,one_for_zero,0,9438044685540247552,40940194905,0,-40940194905,9438044685540247552,1201223317567308111167805180794375,1201223317567308111167805180794375,2794666226589913229,192540,192540
1760072675,23545127,0x8cbbc912eca63cbb5e548c77a885cc16ea5345735a22afbd2f72f176d482582b,139,0x8ad599c3a0ff1de082011efddc58f1908eb6e6d8,0xa0b86991c6218b36c1d19d4a2e9eb0ce3606eb48,0xc02aaa39b223fe8d0a0e5c4f27ead9083c756cc2,6,18,0xa69babef1ca67a37ffaf7a485dfff3382056e78c,0xa69babef1ca67a37ffaf7a485dfff3382056e78c,one_for_zero,0,6580230810872815772,28535185991,0,-28535185991,6580230810872815772,1201409305994953455392907495170492,1201409305994953455392907495170492,2794666226589913229,192543,192543
1760072687,23545128,0x421c6274a04678ff9fa9e39c6983d5c739f023437982e793288ed38c482b3b43,196,0x8ad599c3a0ff1de082011efddc58f1908eb6e6d8,0xa0b86991c6218b36c1d19d4a2e9eb0ce3606eb48,0xc02aaa39b223fe8d0a0e5c4f27ead9083c756cc2,6,18,0xa69babef1ca67a37ffaf7a485dfff3382056e78c,0xa69babef1ca67a37ffaf7a485dfff3382056e78c,one_for_zero,0,3590899033955533071,15568216008,0,-15568216008,3590899033955533071,1201510801775930473738530704636847,1201510801775930473738530704636847,2794666226589913229,192544,192544
1760072711,23545130,0x07e0d3958133bf8e6386a4cff92dc8ea84a6f09b932d63c7e355060eaa635114,28,0x8ad599c3a0ff1de082011efddc58f1908eb6e6d8,0xa0b86991c6218b36c1d19d4a2e9eb0ce3606eb48,0xc02aaa39b223fe8d0a0e5c4f27ead9083c756cc2,6,18,0xa69babef1ca67a37ffaf7a485dfff3382056e78c,0xa69babef1ca67a37ffaf7a485dfff3382056e78c,one_for_zero,0,4625970054241949180,20051853604,0,-20051853604,4625970054241949180,1201641553556749661393878502217413,1201641553556749661393878502217413,2794666226589913229,192546,192546
1760072723,23545131,0x00252cbbddf30b459d2f14c6a2e1fb5d9defaf3128816b713c1d9ee3f445a337,19,0x8ad599c3a0ff1de082011efddc58f1908eb6e6d8,0xa0b86991c6218b36c1d19d4a2e9eb0ce3606eb48,0xc02aaa39b223fe8d0a0e5c4f27ead9083c756cc2,6,18,0xa69babef1ca67a37ffaf7a485dfff3382056e78c,0xa69babef1ca67a37ffaf7a485dfff3382056e78c,one_for_zero,0,13052719905855791269,56555148930,0,-56555148930,13052719905855791269,1202010485121851280501292679704839,1202010485121851280501292679704839,2794666226589913229,192553,192553
1760072807,23545138,0x52aeb05657d3f2a0c339f89f60010773eb01e198be6472f07e904d4163537861,239,0x8ad599c3a0ff1de082011efddc58f1908eb6e6d8,0xa0b86991c6218b36c1d19d4a2e9eb0ce3606eb48,0xc02aaa39b223fe8d0a0e5c4f27ead9083c756cc2,6,18,0x2e1dee213ba8d7af0934c49a23187babeaca8764,0x2e1dee213ba8d7af0934c49a23187babeaca8764,one_for_zero,0,3020099848438730,13081546,0,-13081546,3020099848438730,1202010570484149091534471938505604,1202010570484149091534471938505604,2794666226589913229,192553,192553
1760072819,23545139,0x3ce192005a0680a2b2f147e06ead1247f9b76cf293c1beb372e8dd4bc121e3b3,199,0x8ad599c3a0ff1de082011efddc58f1908eb6e6d8,0xa0b86991c6218b36c1d19d4a2e9eb0ce3606eb48,0xc02aaa39b223fe8d0a0e5c4f27ead9083c756cc2,6,18,0x66a9893cc07d91d95644aedd05d03f95e1dba8af,0x66a9893cc07d91d95644aedd05d03f95e1dba8af,one_for_zero,0,134718359331869531,583529963,0,-583529963,134718359331869531,1202014378261801160157241979438488,1202014378261801160157241979438488,2794666226589913229,192553,192553
1760072999,23545154,0x71f7f758e1bcea4b69adf450abb10db93b9d6fa90b7060f8a81230026d357741,613,0x8ad599c3a0ff1de082011efddc58f1908eb6e6d8,0xa0b86991c6218b36c1d19d4a2e9eb0ce3606eb48,0xc02aaa39b223fe8d0a0e5c4f27ead9083c756cc2,6,18,0xe592427a0aece92de3edee1f18e0157c05861564,0x40d580ac044868806b8d6091b9f2c2cc3de6353f,one_for_zero,0,26952640000000000,116744394,0,-116744394,26952640000000000,1202015140070813422766865338492174,1202015140070813422766865338492174,2794666226589913229,192553,192553
1760073083,23545161,0x5bf84d106b1c65d190d61fc160d9a6804c1aa39246400ecebf62f43debab7abe,79,0x8ad599c3a0ff1de082011efddc58f1908eb6e6d8,0xa0b86991c6218b36c1d19d4a2e9eb0ce3606eb48,0xc02aaa39b223fe8d0a0e5c4f27ead9083c756cc2,6,18,0x6745024462abf2c049f54b381c4ad4a8c8d999c4,0x6745024462abf2c049f54b381c4ad4a8c8d999c4,zero_for_one,5266615,0,0,1208613422645852,5266615,-1208613422645852,1202015105806893189562573877824014,1202015105806893189562573877824014,2794666226589913229,192553,192553
1760073791,23545220,0x02128b38e1d75e8fdac26b57c98e391d0913028d2701b31927c5dae4074c1099,168,0x8ad599c3a0ff1de082011efddc58f1908eb6e6d8,0xa0b86991c6218b36c1d19d4a2e9eb0ce3606eb48,0xc02aaa39b223fe8d0a0e5c4f27ead9083c756cc2,6,18,0x06cff7088619c7178f5e14f0b119458d08d2f5ef,0x06cff7088619c7178f5e14f0b119458d08d2f5ef,zero_for_one,798197,0,0,183174792369600,798197,-183174792369600,1202015100613928791776952284571741,1202015100613928791776952284571741,2794666226589913229,192553,192553
1760073899,23545229,0x6d88637aa56a9ecd1d87471d047878070ee4127b5eef0220d9f2f032972c1262,16,0x8ad599c3a0ff1de082011efddc58f1908eb6e6d8,0xa0b86991c6218b36c1d19d4a2e9eb0ce3606eb48,0xc02aaa39b223fe8d0a0e5c4f27ead9083c756cc2,6,18,0x51c72848c68a965f66fa7a88855f9f7784502a7f,0x51c72848c68a965f66fa7a88855f9f7784502a7f,zero_for_one,80435574042,0,0,18450790278570478371,80435574042,-18450790278570478371,1201492024835934750527774105156294,1201492024835934750527774105156294,2794666226589913229,192544,192544
1760073911,23545230,0xdc6d0b14a42754c8477d72847880d0ed4f591cf815381395fafbf67ae86018e1,384,0x8ad599c3a0ff1de082011efddc58f1908eb6e6d8,0xa0b86991c6218b36c1d19d4a2e9eb0ce3606eb48,0xc02aaa39b223fe8d0a0e5c4f27ead9083c756cc2,6,18,0xfbd4cdb413e45a52e2c8312f670e9ce67e794c37,0xfbd4cdb413e45a52e2c8312f670e9ce67e794c37,zero_for_one,9591202584,0,0,2199015573791732418,9591202584,-2199015573791732418,1201429683236213784964676344294375,1201429683236213784964676344294375,2794666226589913229,192543,192543
1760073911,23545230,0x5a12209f6480b5b1b0d9fc5fa6d5c0d1ffdcdafe7673022a3c335aaa4891d695,599,0x8ad599c3a0ff1de082011efddc58f1908eb6e6d8,0xa0b86991c6218b36c1d19d4a2e9eb0ce3606eb48,0xc02aaa39b223fe8d0a0e5c4f27ead9083c756cc2,6,18,0xaba2fc41e2db95e77c6799d0f580034395ff2b9e,0xaba2fc41e2db95e77c6799d0f580034395ff2b9e,zero_for_one,1001557326,0,0,229618124350596901,1001557326,-229618124350596901,1201423173613741097760748173903873,1201423173613741097760748173903873,2794666226589913229,192543,192543
1760073923,23545231,0xafe933af5dd36951a39b11d3e0c9fde827a83590d3464227f1a05679e4d61eab,188,0x8ad599c3a0ff1de082011efddc58f1908eb6e6d8,0xa0b86991c6218b36c1d19d4a2e9eb0ce3606eb48,0xc02aaa39b223fe8d0a0e5c4f27ead9083c756cc2,6,18,0xfbd4cdb413e45a52e2c8312f670e9ce67e794c37,0xfbd4cdb413e45a52e2c8312f670e9ce67e794c37,zero_for_one,25582810825,0,0,5864299711230013859,25582810825,-5864299711230013859,1201256922028441547590320136445547,1201256922028441547590320136445547,2794666226589913229,192540,192540
1760073935,23545232,0x8e5965d5f14da3427552dc91e3cef253488e8db9376769d0180822ded791db48,516,0x8ad599c3a0ff1de082011efddc58f1908eb6e6d8,0xa0b86991c6218b36c1d19d4a2e9eb0ce3606eb48,0xc02aaa39b223fe8d0a0e5c4f27ead9083c756cc2,6,18,0x06cff7088619c7178f5e14f0b119458d08d2f5ef,0x06cff7088619c7178f5e14f0b119458d08d2f5ef,zero_for_one,712440,0,0,163288528302506,712440,-163288528302506,1201256917399248288668658512904319,1201256917399248288668658512904319,2794666226589913229,192540,192540
1760073983,23545236,0x5f92d4164c80e7985643e6d3b33662d1849e8d0fa0cef8a4aecd0f06b71e1a0f,22,0x8ad599c3a0ff1de082011efddc58f1908eb6e6d8,0xa0b86991c6218b36c1d19d4a2e9eb0ce3606eb48,0xc02aaa39b223fe8d0a0e5c4f27ead9083c756cc2,6,18,0x51c72848c68a965f66fa7a88855f9f7784502a7f,0x51c72848c68a965f66fa7a88855f9f7784502a7f,zero_for_one,38596609803,0,0,8844865155002193191,38596609803,-8844865155002193191,1201085997955470239002391462785711,1201085997955470239002391462785711,4426790104529360811,192537,192537
1760073995,23545237,0x269eb222eeb66031a89a26587aef784a563743e1886890f88940e735e40d3315,235,0x8ad599c3a0ff1de082011efddc58f1908eb6e6d8,0xa0b86991c6218b36c1d19d4a2e9eb0ce3606eb48,0xc02aaa39b223fe8d0a0e5c4f27ead9083c756cc2,6,18,0xd3987e01ae4ce6664ddc5634fece622bf6004dc6,0xd3987e01ae4ce6664ddc5634fece622bf6004dc6,zero_for_one,558306,0,0,127925295640094,558306,-127925295640094,1201085995665936316377825242711158,1201085995665936316377825242711158,4426790104529360811,192537,192537
1760074115,23545247,0xc69a9e226cdf30f37e83294164cc3afe087b4481d70e6a2bebf6446df6c2af7e,380,0x8ad599c3a0ff1de082011efddc58f1908eb6e6d8,0xa0b86991c6218b36c1d19d4a2e9eb0ce3606eb48,0xc02aaa39b223fe8d0a0e5c4f27ead9083c756cc2,6,18,0x06cff7088619c7178f5e14f0b119458d08d2f5ef,0x06cff7088619c7178f5e14f0b119458d08d2f5ef,zero_for_one,333611,0,0,76440644616052,333611,-76440644616052,1201085994297845290752013569367300,1201085994297845290752013569367300,4426790104529360811,192537,192537
1760074259,23545259,0xce0606d28d14560c22706b44b48bddbc211865bef1178246e4369ade01a79394,348,0x8ad599c3a0ff1de082011efddc58f1908eb6e6d8,0xa0b86991c6218b36c1d19d4a2e9eb0ce3606eb48,0xc02aaa39b223fe8d0a0e5c4f27ead9083c756cc2,6,18,0x06cff7088619c7178f5e14f0b119458d08d2f5ef,0x06cff7088619c7178f5e14f0b119458d08d2f5ef,zero_for_one,892393,0,0,204474873996225,892393,-204474873996225,1201085990638270708600229832565811,1201085990638270708600229832565811,4426790104529360811,192537,192537
1760074475,23545277,0xed4ee09cbf2ad581b9f49101a843ffd7518b40d8d7fe3370b3221d5d52030ead,475,0x8ad599c3a0ff1de082011efddc58f1908eb6e6d8,0xa0b86991c6218b36c1d19d4a2e9eb0ce3606eb48,0xc02aaa39b223fe8d0a0e5c4f27ead9083c756cc2,6,18,0xe592427a0aece92de3edee1f18e0157c05861564,0xbca6e49ceeea075901604c23a7080550970fc18a,one_for_zero,0,704320000000000,3055456,0,-3055456,704320000000000,1201086003205971496323792069418714,1201086003205971496323792069418714,4426790104529360811,192537,192537
1760074619,23545289,0xba29f981bd166ba069dd877cc2af0a43f5cc051ec8ec061481bdcb2927007aab,35,0x8ad599c3a0ff1de082011efddc58f1908eb6e6d8,0xa0b86991c6218b36c1d19d4a2e9eb0ce3606eb48,0xc02aaa39b223fe8d0a0e5c4f27ead9083c756cc2,6,18,0xd3987e01ae4ce6664ddc5634fece622bf6004dc6,0xd3987e01ae4ce6664ddc5634fece622bf6004dc6,zero_for_one,1238795,0,0,283846424835930,1238795,-283846424835930,1201085998125850201893250334572876,1201085998125850201893250334572876,4426790104529360811,192537,192537
1760075159,23545334,0x265cc0932e2f9c3e542718ad2ec8c35f27b8c6d9cb2a9fd5879bb8ddd2b53ba4,175,0x8ad599c3a0ff1de082011efddc58f1908eb6e6d8,0xa0b86991c6218b36c1d19d4a2e9eb0ce3606eb48,0xc02aaa39b223fe8d0a0e5c4f27ead9083c756cc2,6,18,0x06cff7088619c7178f5e14f0b119458d08d2f5ef,0x06cff7088619c7178f5e14f0b119458d08d2f5ef,zero_for_one,548281,0,0,125628238329794,548281,-125628238329794,1201085995877427699866386001340359,1201085995877427699866386001340359,4426790104529360811,192537,192537
1760075195,23545337,0xc747313aa9ea3dc7345e1886f844423541ddba525b43f1aa1d8d02a391a4d202,12,0x8ad599c3a0ff1de082011efddc58f1908eb6e6d8,0xa0b86991c6218b36c1d19d4a2e9eb0ce3606eb48,0xc02aaa39b223fe8d0a0e5c4f27ead9083c756cc2,6,18,0x51c72848c68a965f66fa7a88855f9f7784502a7f,0x51c72848c68a965f66fa7a88855f9f7784502a7f,zero_for_one,52325072221,0,0,11987164157175598776,52325072221,-11987164157175598776,1200871456455520583378701344870097,1200871456455520583378701344870097,4426790104529360811,192534,192534
1760075339,23545349,0x376de6087b8c6cb9190e71059bed063ddfa410c88e1d9cd59d4dbd4e912b8092,29,0x8ad599c3a0ff1de082011efddc58f1908eb6e6d8,0xa0b86991c6218b36c1d19d4a2e9eb0ce3606eb48,0xc02aaa39b223fe8d0a0e5c4f27ead9083c756cc2,6,18,0xfbd4cdb413e45a52e2c8312f670e9ce67e794c37,0xfbd4cdb413e45a52e2c8312f670e9ce67e794c37,zero_for_one,34344433317,0,0,7865647435524136812,34344433317,-7865647435524136812,1200730681587368602858212513518143,1200730681587368602858212513518143,4426790104529360811,192531,192531
1760075459,23545359,0x356168c66b8f92014aeab2b022f95bf3425cc5d29d27cfdc33d8647a1a0b6ad0,75,0x8ad599c3a0ff1de082011efddc58f1908eb6e6d8,0xa0b86991c6218b36c1d19d4a2e9eb0ce3606eb48,0xc02aaa39b223fe8d0a0e5c4f27ead9083c756cc2,6,18,0x51c72848c68a965f66fa7a88855f9f7784502a7f,0x51c72848c68a965f66fa7a88855f9f7784502a7f,zero_for_one,18465499052,0,0,4228252210149021219,18465499052,-4228252210149021219,1200655006742764105946598417081287,1200655006742764105946598417081287,4426790104529360811,192530,192530
1760075567,23545368,0x63c0aa4d993ed596dc90f3e813042c96f915c8075ac35b83738bd06c9a91d67a,224,0x8ad599c3a0ff1de082011efddc58f1908eb6e6d8,0xa0b86991c6218b36c1d19d4a2e9eb0ce3606eb48,0xc02aaa39b223fe8d0a0e5c4f27ead9083c756cc2,6,18,0x6aa7a8539543210563af6cf575cc5079b194d0c8,0x6aa7a8539543210563af6cf575cc5079b194d0c8,zero_for_one,4230000000,0,0,968515466887779908,4230000000,-968515466887779908,1200637672805758678024346981421731,1200637672805758678024346981421731,4426790104529360811,192530,192530
1760075591,23545370,0xa9fd6dea3db7f9567d4b6a17551923a25f5f90c50d91f19b90bda693ebdc86b8,52,0x8ad599c3a0ff1de082011efddc58f1908eb6e6d8,0xa0b86991c6218b36c1d19d4a2e9eb0ce3606eb48,0xc02aaa39b223fe8d0a0e5c4f27ead9083c756cc2,6,18,0xe592427a0aece92de3edee1f18e0157c05861564,0x00c600b30fb0400701010f4b080409018b9006e0,zero_for_one,6000480000,0,0,1373842735655366035,6000480000,-1373842735655366035,1200613084552654430824823421448047,1200613084552654430824823421448047,4426790104529360811,192529,192529
1760075639,23545374,0x7d40053b6ac2d4c7a309c4666fec17e160c240d27d406b2d0202491553899ba4,253,0x8ad599c3a0ff1de082011efddc58f1908eb6e6d8,0xa0b86991c6218b36c1d19d4a2e9eb0ce3606eb48,0xc02aaa39b223fe8d0a0e5c4f27ead9083c756cc2,6,18,0x2e1dee213ba8d7af0934c49a23187babeaca8764,0x2e1dee213ba8d7af0934c49a23187babeaca8764,zero_for_one,495828,0,0,113520090634913,495828,-113520090634913,1200613082520936645006476811465480,1200613082520936645006476811465480,4426790104529360811,192529,192529
1760075639,23545374,0xe81a00fbede1347934a25b9badfd35cbedb4190cd193bc4a66419049abb837be,409,0x8ad599c3a0ff1de082011efddc58f1908eb6e6d8,0xa0b86991c6218b36c1d19d4a2e9eb0ce3606eb48,0xc02aaa39b223fe8d0a0e5c4f27ead9083c756cc2,6,18,0x3fc91a3afd70395cd496c647d5a6cc9d4b2b7fad,0x3fc91a3afd70395cd496c647d5a6cc9d4b2b7fad,zero_for_one,15000000,0,0,3434261572318992,15000000,-3434261572318992,1200613021056483272846955141539370,1200613021056483272846955141539370,4426790104529360811,192529,192529
1760075663,23545376,0x46b2058df838f709397c3451e56fd97f7faa37241c99da16b54640e994afa437,229,0x8ad599c3a0ff1de082011efddc58f1908eb6e6d8,0xa0b86991c6218b36c1d19d4a2e9eb0ce3606eb48,0xc02aaa39b223fe8d0a0e5c4f27ead9083c756cc2,6,18,0xa836912dce3b96cb9f3f1bf2406d6491ed601f66,0xa836912dce3b96cb9f3f1bf2406d6491ed601f66,zero_for_one,12050091374,0,0,2758764117273488197,12050091374,-2758764117273488197,1200563646270992940087757762613518,1200563646270992940087757762613518,4426790104529360811,192529,192529
1760075687,23545378,0x98141f61d35a25361f2028ed895633623c84376f1c1f8cf12715b6a914590dfa,12,0x8ad599c3a0ff1de082011efddc58f1908eb6e6d8,0xa0b86991c6218b36c1d19d4a2e9eb0ce3606eb48,0xc02aaa39b223fe8d0a0e5c4f27ead9083c756cc2,6,18,0x51c72848c68a965f66fa7a88855f9f7784502a7f,0x51c72848c68a965f66fa7a88855f9f7784502a7f,zero_for_one,66867099155,0,0,15304521442281219917,66867099155,-15304521442281219917,1200289734681918171147243882549987,1200289734681918171147243882549987,4426790104529360811,192524,192524
1760075699,23545379,0x645023ac408fec99629522c0ce43060b30eaccdad75d97ab393267b6ef8ec647,26,0x8ad599c3a0ff1de082011efddc58f1908eb6e6d8,0xa0b86991c6218b36c1d19d4a2e9eb0ce3606eb48,0xc02aaa39b223fe8d0a0e5c4f27ead9083c756cc2,6,18,0xfbd4cdb413e45a52e2c8312f670e9ce67e794c37,0xfbd4cdb413e45a52e2c8312f670e9ce67e794c37,zero_for_one,54640097791,0,0,12500825214881038854,54640097791,-12500825214881038854,1200066002047593891229490094996407,1200066002047593891229490094996407,4426790104529360811,192520,192520
1760075723,23545381,0x05de1f9eb27762ea15a7e5bd84f58a967b0e4d6507996c8a629401b5d8b8c24b,55,0x8ad599c3a0ff1de082011efddc58f1908eb6e6d8,0xa0b86991c6218b36c1d19d4a2e9eb0ce3606eb48,0xc02aaa39b223fe8d0a0e5c4f27ead9083c756cc2,6,18,0x06cff7088619c7178f5e14f0b119458d08d2f5ef,0x06cff7088619c7178f5e14f0b119458d08d2f5ef,zero_for_one,2106200,0,0,481776683949542,2106200,-481776683949542,1200065993425029796202034448411960,1200065993425029796202034448411960,4426790104529360811,192520,192520
1760075723,23545381,0x0c4d25e386ed38b2676c2a60d4a8f96ade1c65ff47cdd34ff62e56168bd69428,60,0x8ad599c3a0ff1de082011efddc58f1908eb6e6d8,0xa0b86991c6218b36c1d19d4a2e9eb0ce3606eb48,0xc02aaa39b223fe8d0a0e5c4f27ead9083c756cc2,6,18,0x66a9893cc07d91d95644aedd05d03f95e1dba8af,0x66a9893cc07d91d95644aedd05d03f95e1dba8af,zero_for_one,1000000000,0,0,228741396228161148,1000000000,-228741396228161148,1200061899542083875226459965376577,1200061899542083875226459965376577,4426790104529360811,192520,192520
1760075819,23545389,0x4959e9ca9100fa8401a9860ca0e4cdd0dbf69661d28a03062b9972e664992dba,328,0x8ad599c3a0ff1de082011efddc58f1908eb6e6d8,0xa0b86991c6218b36c1d19d4a2e9eb0ce3606eb48,0xc02aaa39b223fe8d0a0e5c4f27ead9083c756cc2,6,18,0x111111125421ca6dc452d289314280a0f8842a65,0x9008d19f58aabd9ed0d60971565aa8510560ab41,zero_for_one,618782030,0,0,141540283666133448,618782030,-141540283666133448,1200059366334876887552576731722103,1200059366334876887552576731722103,4426790104529360811,192520,192520
1760075891,23545395,0xbdcf779a6b5ccfa89390bbc9f75cbee2a85cdc80aa846fc8da6283ba1f69f379,140,0x8ad599c3a0ff1de082011efddc58f1908eb6e6d8,0xa0b86991c6218b36c1d19d4a2e9eb0ce3606eb48,0xc02aaa39b223fe8d0a0e5c4f27ead9083c756cc2,6,18,0x9a6fae683549309386b633275a4f6933a022a092,0x9a6fae683549309386b633275a4f6933a022a092,one_for_zero,0,187730788959119781,815798978,0,-815798978,187730788959119781,1200062716153686919207909257511230,1200062716153686919207909257511230,4426790104529360811,192520,192520
1760075927,23545398,0x25a103b15c70f825d8eb801479bce9572e7f6314e1e73de1de842d280fd673ac,243,0x8ad599c3a0ff1de082011efddc58f1908eb6e6d8,0xa0b86991c6218b36c1d19d4a2e9eb0ce3606eb48,0xc02aaa39b223fe8d0a0e5c4f27ead9083c756cc2,6,18,0xe592427a0aece92de3edee1f18e0157c05861564,0xe592427a0aece92de3edee1f18e0157c05861564,zero_for_one,21799095,0,0,4986344667753073,21799095,-4986344667753073,1200062626910936221662233334695299,1200062626910936221662233334695299,4426790104529360811,192520,192520
1760075963,23545401,0x3380622e282ab079de2cad67481f7375cd2ded37b6f48bb2fe79198bb311f75d,256,0x8ad599c3a0ff1de082011efddc58f1908eb6e6d8,0xa0b86991c6218b36c1d19d4a2e9eb0ce3606eb48,0xc02aaa39b223fe8d0a0e5c4f27ead9083c756cc2,6,18,0xdd49677ad0e4ed52e0c717ac91dabcb5df2515ef,0x9008d19f58aabd9ed0d60971565aa8510560ab41,zero_for_one,2724278,0,0,623153739135233,2724278,-623153739135233,1200062615758086289820537033928203,1200062615758086289820537033928203,4426790104529360811,192520,192520
