timestamp,block_number,tx_hash,log_index,pool,token0,token1,token0_decimals,token1_decimals,sender,recipient,direction,token0_in,token1_in,token0_out,token1_out,amount0,amount1,sqrt_price_x96,sqrtPriceX96,liquidity,tick,pre_swap_tick
1773906623,24690147,0x1dff6e56b4c99a66c957408ca5e08581a31470d396a8c0719cb3568afad7eb41,17,0x4585fe77225b41b697c938b018e2ac67ac5a20c0,0x2260fac5e5542a773aa44fbcfedf7c193bc2c599,0xc02aaa39b223fe8d0a0e5c4f27ead9083c756cc2,8,18,0x1103fc560de8b710983e7f3ec09d587f3f848566,0x1103fc560de8b710983e7f3ec09d587f3f848566,one_for_zero,0,80756835937500000,250071,0,-250071,80756835937500000,45012071959531793672787518799944790,45012071959531793672787518799944790,270447390850220669,265015,265015
1773906623,24690147,0x7f793b8b8c0bbfaba0b579afaa6e297beea868789a5961352f737c4596841bfa,84,0x4585fe77225b41b697c938b018e2ac67ac5a20c0,0x2260fac5e5542a773aa44fbcfedf7c193bc2c599,0xc02aaa39b223fe8d0a0e5c4f27ead9083c756cc2,8,18,0xfcec5d04d41f730f672d77ccb1c8546cbfc84428,0xfcec5d04d41f730f672d77ccb1c8546cbfc84428,zero_for_one,6347188,0,0,2047656887148380469,6347188,-2047656887148380469,45011472093908692535197768749728445,45011472093908692535197768749728445,270447390850220669,265015,265015
1773906647,24690149,0x1387aa1bf454357304f5205430acc516ac9bc35a799e6953be3c73ee73d5d44c,431,0x4585fe77225b41b697c938b018e2ac67ac5a20c0,0x2260fac5e5542a773aa44fbcfedf7c193bc2c599,0xc02aaa39b223fe8d0a0e5c4f27ead9083c756cc2,8,18,0xa5f91e598668040055dc861a7316e677a5b730b0,0xa5f91e598668040055dc861a7316e677a5b730b0,one_for_zero,0,23048658054909705,71374,0,-71374,23048658054909705,45011478842688072358708331274573443,45011478842688072358708331274573443,270447390850220669,265015,265015
1773906707,24690154,0x62a71f6ee243bb5e2531b722d91366712a2c67d871afa6d73cee4a97f98e6970,9,0x4585fe77225b41b697c938b018e2ac67ac5a20c0,0x2260fac5e5542a773aa44fbcfedf7c193bc2c599,0xc02aaa39b223fe8d0a0e5c4f27ead9083c756cc2,8,18,0x51c72848c68a965f66fa7a88855f9f7784502a7f,0x51c72848c68a965f66fa7a88855f9f7784502a7f,one_for_zero,0,16146940695906271232,49996550,0,-49996550,16146940695906271232,45016206759608708553949777674354500,45016206759608708553949777674354500,270447390850220669,265017,265017
1773906731,24690156,0xb3ee7efaf158b00ccfb15e2188dde478632d80eb64586455aa15a7484ae590c8,65,0x4585fe77225b41b697c938b018e2ac67ac5a20c0,0x2260fac5e5542a773aa44fbcfedf7c193bc2c599,0xc02aaa39b223fe8d0a0e5c4f27ead9083c756cc2,8,18,0x66a9893cc07d91d95644aedd05d03f95e1dba8af,0x66a9893cc07d91d95644aedd05d03f95e1dba8af,one_for_zero,0,42000000000000000,130032,0,-130032,42000000000000000,45016219057449792287181421625617129,45016219057449792287181421625617129,270447390850220669,265017,265017
1773906851,24690166,0x82fe70df32d769c62c63598f981f373dc565019bc0d9c2d44dc619f3940785e4,376,0x4585fe77225b41b697c938b018e2ac67ac5a20c0,0x2260fac5e5542a773aa44fbcfedf7c193bc2c599,0xc02aaa39b223fe8d0a0e5c4f27ead9083c756cc2,8,18,0xaf682de1f2e6f710731121a05a44cb3c1b511f7d,0xaf682de1f2e6f710731121a05a44cb3c1b511f7d,zero_for_one,631815,0,0,203868888210881321,631815,-203868888210881321,45016159333607177294118197028727862,45016159333607177294118197028727862,270447390850220669,265017,265017
1773906911,24690171,0x0efacf4429c3688d01aa51af02d9d2c59ec8b73f69482da9f1ddb1b6e2b3d3c5,34,0x4585fe77225b41b697c938b018e2ac67ac5a20c0,0x2260fac5e5542a773aa44fbcfedf7c193bc2c599,0xc02aaa39b223fe8d0a0e5c4f27ead9083c756cc2,8,18,0xbdb3ba9ffe392549e1f8658dd2630c141fdf47b6,0xbdb3ba9ffe392549e1f8658dd2630c141fdf47b6,one_for_zero,0,8154760989877145983,25246041,0,-25246041,8154760989877145983,45018547094434066252256269849707522,45018547094434066252256269849707522,270447390850220669,265018,265018
1773906935,24690173,0x31551080ed7c491a13f29fdb382427d95147d560cff1ffe0fcf80c5b27e9d068,58,0x4585fe77225b41b697c938b018e2ac67ac5a20c0,0x2260fac5e5542a773aa44fbcfedf7c193bc2c599,0xc02aaa39b223fe8d0a0e5c4f27ead9083c756cc2,8,18,0xbdb3ba9ffe392549e1f8658dd2630c141fdf47b6,0xbdb3ba9ffe392549e1f8658dd2630c141fdf47b6,one_for_zero,0,7196013135816373083,22275662,0,-22275662,7196013135816373083,45020654128385988314070079395131803,45020654128385988314070079395131803,270447390850220669,265019,265019
1773906947,24690174,0x1fa1624e46047f2c78ec6bb7b43c8f5f27e57794a7e312a481e9ff5794eb4a91,96,0x4585fe77225b41b697c938b018e2ac67ac5a20c0,0x2260fac5e5542a773aa44fbcfedf7c193bc2c599,0xc02aaa39b223fe8d0a0e5c4f27ead9083c756cc2,8,18,0xbdb3ba9ffe392549e1f8658dd2630c141fdf47b6,0xbdb3ba9ffe392549e1f8658dd2630c141fdf47b6,one_for_zero,0,27649788999070533869,85572074,0,-85572074,27649788999070533869,45028753819230288689684508062747587,45028753819230288689684508062747587,270292531745634282,265022,265022
1773907019,24690180,0x18f132a7cb5fb3768fb2ffd797443c2b8d6f765c023d53ca48e529322e762573,83,0x4585fe77225b41b697c938b018e2ac67ac5a20c0,0x2260fac5e5542a773aa44fbcfedf7c193bc2c599,0xc02aaa39b223fe8d0a0e5c4f27ead9083c756cc2,8,18,0x06cff7088619c7178f5e14f0b119458d08d2f5ef,0x06cff7088619c7178f5e14f0b119458d08d2f5ef,zero_for_one,682037,0,0,220196379759044544,682037,-220196379759044544,45028689275254737711375592806466414,45028689275254737711375592806466414,270292531745634282,265022,265022
1773907031,24690181,0x9c066b1672e37947111f1b099db86d9b510a831143eef8285e32d4467b782bcc,13,0x4585fe77225b41b697c938b018e2ac67ac5a20c0,0x2260fac5e5542a773aa44fbcfedf7c193bc2c599,0xc02aaa39b223fe8d0a0e5c4f27ead9083c756cc2,8,18,0xbdb3ba9ffe392549e1f8658dd2630c141fdf47b6,0xbdb3ba9ffe392549e1f8658dd2630c141fdf47b6,one_for_zero,0,23409889370369652538,72426345,0,-72426345,23409889370369652538,45035547752424804027721349644543649,45035547752424804027721349644543649,270292531745634282,265025,265025
1773907055,24690183,0xb735738acc6b284609568daeb926fcb1fa9fe4c301305c38cdbdfe0701cc6197,187,0x4585fe77225b41b697c938b018e2ac67ac5a20c0,0x2260fac5e5542a773aa44fbcfedf7c193bc2c599,0xc02aaa39b223fe8d0a0e5c4f27ead9083c756cc2,8,18,0xe592427a0aece92de3edee1f18e0157c05861564,0x0e5891850bb3f03090f03010000806f080040100,one_for_zero,0,9828116192592755194,30400000,0,-30400000,9828116192592755194,45038427130001742663639421408910079,45038427130001742663639421408910079,270292531745634282,265027,265027
1773907091,24690186,0x8e4eb178ea6cf71e71fb929a800356ef2104e423b806e09e76dd9a20c384a5ff,114,0x4585fe77225b41b697c938b018e2ac67ac5a20c0,0x2260fac5e5542a773aa44fbcfedf7c193bc2c599,0xc02aaa39b223fe8d0a0e5c4f27ead9083c756cc2,8,18,0xbdb3ba9ffe392549e1f8658dd2630c141fdf47b6,0xbdb3ba9ffe392549e1f8658dd2630c141fdf47b6,one_for_zero,0,5567888305263659542,17220680,0,-17220680,5567888305263659542,45040058373713447869721176602832898,45040058373713447869721176602832898,270292531745634282,265027,265027
1773907103,24690187,0xee7ac4a250fe311d679a24ad216adca0d060be242dfe2004786e0bf705266682,590,0x4585fe77225b41b697c938b018e2ac67ac5a20c0,0x2260fac5e5542a773aa44fbcfedf7c193bc2c599,0xc02aaa39b223fe8d0a0e5c4f27ead9083c756cc2,8,18,0xbdb3ba9ffe392549e1f8658dd2630c141fdf47b6,0xbdb3ba9ffe392549e1f8658dd2630c141fdf47b6,one_for_zero,0,3465667374225558603,10718182,0,-10718182,3465667374225558603,45041073722406007468275137212166499,45041073722406007468275137212166499,270292531745634282,265028,265028
1773907115,24690188,0xd2d772312102fbca167b2dc02a6704ea4d07d251c37f35c889e9d68d0e337d8a,5,0x4585fe77225b41b697c938b018e2ac67ac5a20c0,0x2260fac5e5542a773aa44fbcfedf7c193bc2c599,0xc02aaa39b223fe8d0a0e5c4f27ead9083c756cc2,8,18,0xbdb3ba9ffe392549e1f8658dd2630c141fdf47b6,0xbdb3ba9ffe392549e1f8658dd2630c141fdf47b6,one_for_zero,0,13896528750728831475,42972594,0,-42972594,13896528750728831475,45045144942767001670671901037859510,45045144942767001670671901037859510,270379913890190366,265030,265030
1773907139,24690190,0xcbc76f4caa425cfb6cf1dee1883b2c40c56051adab0c490bdc5d434e93437ef2,84,0x4585fe77225b41b697c938b018e2ac67ac5a20c0,0x2260fac5e5542a773aa44fbcfedf7c193bc2c599,0xc02aaa39b223fe8d0a0e5c4f27ead9083c756cc2,8,18,0xbdb3ba9ffe392549e1f8658dd2630c141fdf47b6,0xbdb3ba9ffe392549e1f8658dd2630c141fdf47b6,one_for_zero,0,8897792326352691098,27510794,0,-27510794,8897792326352691098,45047750917628242217849962415137413,45047750917628242217849962415137413,270379913890190366,265031,265031
1773907151,24690191,0xe6b67cb753169809705dbac39fb3b06aab9bdd9966ea5c24a9af74bd00e5010b,23,0x4585fe77225b41b697c938b018e2ac67ac5a20c0,0x2260fac5e5542a773aa44fbcfedf7c193bc2c599,0xc02aaa39b223fe8d0a0e5c4f27ead9083c756cc2,8,18,0xbdb3ba9ffe392549e1f8658dd2630c141fdf47b6,0xbdb3ba9ffe392549e1f8658dd2630c141fdf47b6,one_for_zero,0,10996201094359405751,33994398,0,-33994398,10996201094359405751,45050971471960149485673768440094791,45050971471960149485673768440094791,270379913890190366,265032,265032
1773907151,24690191,0xbf5271ec0661b0e7ad6b7a8c7df21c30d5cbadbc2c4883a05b171e5cfb3643a5,95,0x4585fe77225b41b697c938b018e2ac67ac5a20c0,0x2260fac5e5542a773aa44fbcfedf7c193bc2c599,0xc02aaa39b223fe8d0a0e5c4f27ead9083c756cc2,8,18,0xe592427a0aece92de3edee1f18e0157c05861564,0xe592427a0aece92de3edee1f18e0157c05861564,one_for_zero,0,122700000000000000,379295,0,-379295,122700000000000000,45051007408190592535997461891275758,45051007408190592535997461891275758,270379913890190366,265032,265032
1773907163,24690192,0x2c600b99715a98f7ad18026dbcf7612035e0fa3d661f3ad63e34f5ebe6e7bd35,18,0x4585fe77225b41b697c938b018e2ac67ac5a20c0,0x2260fac5e5542a773aa44fbcfedf7c193bc2c599,0xc02aaa39b223fe8d0a0e5c4f27ead9083c756cc2,8,18,0xbdb3ba9ffe392549e1f8658dd2630c141fdf47b6,0xbdb3ba9ffe392549e1f8658dd2630c141fdf47b6,one_for_zero,0,3721299352640171350,11503157,0,-11503157,3721299352640171350,45052097297930478853744884740768525,45052097297930478853744884740768525,270379913890190366,265033,265033
1773907295,24690203,0xc4862811d14b1f577c9b6bd0c70533506b443e87b0e009f27636a6e9bd85ae22,710,0x4585fe77225b41b697c938b018e2ac67ac5a20c0,0x2260fac5e5542a773aa44fbcfedf7c193bc2c599,0xc02aaa39b223fe8d0a0e5c4f27ead9083c756cc2,8,18,0x6747bcaf9bd5a5f0758cbe08903490e45ddfacb5,0x5e1f62dac767b0491e3ce72469c217365d5b48cc,zero_for_one,267172,0,0,86346289971272814,267172,-86346289971272814,45052071996280678321001158592484226,45052071996280678321001158592484226,270379913890190366,265033,265033
1773907307,24690204,0xf1a0ea409e03e312977800dbbd83a14884a2d62f8d0c865fece3da6d64d19b2a,526,0x4585fe77225b41b697c938b018e2ac67ac5a20c0,0x2260fac5e5542a773aa44fbcfedf7c193bc2c599,0xc02aaa39b223fe8d0a0e5c4f27ead9083c756cc2,8,18,0x51c72848c68a965f66fa7a88855f9f7784502a7f,0x51c72848c68a965f66fa7a88855f9f7784502a7f,zero_for_one,23109235,0,0,7468229158634332596,23109235,-7468229158634332596,45049883615993989000723822938659235,45049883615993989000723822938659235,270379913890190366,265032,265032
1773907343,24690207,0xc4edc65b4c5ea7ca9eb65925daf2d7eea7c6a0a15c6e8247e0171ba7a2cb909b,209,0x4585fe77225b41b697c938b018e2ac67ac5a20c0,0x2260fac5e5542a773aa44fbcfedf7c193bc2c599,0xc02aaa39b223fe8d0a0e5c4f27ead9083c756cc2,8,18,0xf48a3f7c0575c85cf4529aa220caf3c055773f1c,0xf48a3f7c0575c85cf4529aa220caf3c055773f1c,zero_for_one,21804125,0,0,7045790380055687451,21804125,-7045790380055687451,45047819020968268248696472179378995,45047819020968268248696472179378995,270379913890190366,265031,265031
1773907379,24690210,0x6b3b745ddbabb55ef197b2f5ce2a5409b772a61c4db43f6f3ca55bc958ff7125,12,0x4585fe77225b41b697c938b018e2ac67ac5a20c0,0x2260fac5e5542a773aa44fbcfedf7c193bc2c599,0xc02aaa39b223fe8d0a0e5c4f27ead9083c756cc2,8,18,0xbdb3ba9ffe392549e1f8658dd2630c141fdf47b6,0xbdb3ba9ffe392549e1f8658dd2630c141fdf47b6,one_for_zero,0,28376502648301815283,87714861,0,-87714861,28376502648301815283,45056129897401334278256640944190818,45056129897401334278256640944190818,270379913890190366,265035,265035
1773907391,24690211,0xb69fbcb7c33f325c6b77fc7b18c38fae830f4073781c0618ed89ef847fdeb0fb,651,0x4585fe77225b41b697c938b018e2ac67ac5a20c0,0x2260fac5e5542a773aa44fbcfedf7c193bc2c599,0xc02aaa39b223fe8d0a0e5c4f27ead9083c756cc2,8,18,0x66a9893cc07d91d95644aedd05d03f95e1dba8af,0x66a9893cc07d91d95644aedd05d03f95e1dba8af,zero_for_one,309364,0,0,100000000000000000,309364,-100000000000000000,45056100594868696280102149312734529,45056100594868696280102149312734529,270379913890190366,265034,265034
1773907487,24690219,0x70144216be39b3077c3b7976f427b6b75a0d043d645648afcc4ad120d3cc5f34,56,0x4585fe77225b41b697c938b018e2ac67ac5a20c0,0x2260fac5e5542a773aa44fbcfedf7c193bc2c599,0xc02aaa39b223fe8d0a0e5c4f27ead9083c756cc2,8,18,0xbdb3ba9ffe392549e1f8658dd2630c141fdf47b6,0xbdb3ba9ffe392549e1f8658dd2630c141fdf47b6,one_for_zero,0,13238029536647933311,40909176,0,-40909176,13238029536647933311,45059977733255337574574453352767897,45059977733255337574574453352767897,270379913890190366,265036,265036
1773907499,24690220,0x1bb771f524f72bcb585cafdcc58511435cae64ca1a2bb909c34baad0fe456fd5,19,0x4585fe77225b41b697c938b018e2ac67ac5a20c0,0x2260fac5e5542a773aa44fbcfedf7c193bc2c599,0xc02aaa39b223fe8d0a0e5c4f27ead9083c756cc2,8,18,0xf48a3f7c0575c85cf4529aa220caf3c055773f1c,0xf48a3f7c0575c85cf4529aa220caf3c055773f1c,one_for_zero,0,390992766124487803,1208168,0,-1208168,390992766124487803,45060092246752851961484889484595966,45060092246752851961484889484595966,270379913890190366,265036,265036
1773907535,24690223,0xaf719e34fc5dd988bf85c3e6b305bf7f1922e3b78ad311cc3597fca616d3f428,256,0x4585fe77225b41b697c938b018e2ac67ac5a20c0,0x2260fac5e5542a773aa44fbcfedf7c193bc2c599,0xc02aaa39b223fe8d0a0e5c4f27ead9083c756cc2,8,18,0x63242a4ea82847b20e506b63b0e2e2eff0cc6cb0,0x63242a4ea82847b20e506b63b0e2e2eff0cc6cb0,one_for_zero,0,2678657620280922925,8276895,0,-8276895,2678657620280922925,45060876768819033282076210918225100,45060876768819033282076210918225100,270379913890190366,265037,265037
1773907535,24690223,0x9b592305cbef7458977b83f3ba235ba3038e5586932900c4c05af5afc0533bd0,776,0x4585fe77225b41b697c938b018e2ac67ac5a20c0,0x2260fac5e5542a773aa44fbcfedf7c193bc2c599,0xc02aaa39b223fe8d0a0e5c4f27ead9083c756cc2,8,18,0x81d5556a5a842de5c8539e4620a969bc582692c3,0x4ae0ad0ba10dc97487cb1dd571aef20537280859,one_for_zero,0,184762964952580220,570896,0,-570896,184762964952580220,45060930881977027390904867591392852,45060930881977027390904867591392852,270379913890190366,265037,265037
1773907547,24690224,0xfdf3a5e9deb657ce514f4895b4b29ef18e8e7b14ddbc9ea21430793c586c8bca,30,0x4585fe77225b41b697c938b018e2ac67ac5a20c0,0x2260fac5e5542a773aa44fbcfedf7c193bc2c599,0xc02aaa39b223fe8d0a0e5c4f27ead9083c756cc2,8,18,0x51c72848c68a965f66fa7a88855f9f7784502a7f,0x51c72848c68a965f66fa7a88855f9f7784502a7f,one_for_zero,0,9536475114347812864,29464739,0,-29464739,9536475114347812864,45063723913495557282423723182950841,45063723913495557282423723182950841,270379913890190366,265038,265038
1773907607,24690229,0x6c525bb4ac368e0a2ce7bb40ab651fcbe4f1af8686fafe85e2841e82d1d515fa,18,0x4585fe77225b41b697c938b018e2ac67ac5a20c0,0x2260fac5e5542a773aa44fbcfedf7c193bc2c599,0xc02aaa39b223fe8d0a0e5c4f27ead9083c756cc2,8,18,0xbdb3ba9ffe392549e1f8658dd2630c141fdf47b6,0xbdb3ba9ffe392549e1f8658dd2630c141fdf47b6,one_for_zero,0,22975044905297594878,70970740,0,-70970740,22975044905297594878,45070452803632311567188756278093213,45070452803632311567188756278093213,270381124772531440,265041,265041
1773907631,24690231,0x45d821def9f348713a2c556bc7b0fd89042914a4f11f51b79702821d0140e0ef,7,0x4585fe77225b41b697c938b018e2ac67ac5a20c0,0x2260fac5e5542a773aa44fbcfedf7c193bc2c599,0xc02aaa39b223fe8d0a0e5c4f27ead9083c756cc2,8,18,0xbdb3ba9ffe392549e1f8658dd2630c141fdf47b6,0xbdb3ba9ffe392549e1f8658dd2630c141fdf47b6,one_for_zero,0,4428187582839381291,13676395,0,-13676395,4428187582839381291,45071749720150316014373289227265826,45071749720150316014373289227265826,270381124772531440,265041,265041
1773907703,24690237,0xd7d551655399a910de7a805c3106068cbbc1f0454e971fee38fefe498758ff81,563,0x4585fe77225b41b697c938b018e2ac67ac5a20c0,0x2260fac5e5542a773aa44fbcfedf7c193bc2c599,0xc02aaa39b223fe8d0a0e5c4f27ead9083c756cc2,8,18,0x278d858f05b94576c1e6f73285886876ff6ef8d2,0x278d858f05b94576c1e6f73285886876ff6ef8d2,zero_for_one,4122204,0,0,1333392745544993198,4122204,-1333392745544993198,45071359004055661642830670325427020,45071359004055661642830670325427020,270381124772531440,265041,265041
1773907787,24690244,0x0ee91f248e3b04f21909c58304f745a54b5e1d2d7e039485bc0f04682ceefbf2,102,0x4585fe77225b41b697c938b018e2ac67ac5a20c0,0x2260fac5e5542a773aa44fbcfedf7c193bc2c599,0xc02aaa39b223fe8d0a0e5c4f27ead9083c756cc2,8,18,0x4b1d532131fdf4a8e6bacc84dc309442966eb3ff,0x4b1d532131fdf4a8e6bacc84dc309442966eb3ff,zero_for_one,1696,0,0,548544468460664,1696,-548544468460664,45071358843318959589146903930325517,45071358843318959589146903930325517,270381124772531440,265041,265041
1773907823,24690247,0x385da319880675ff68fbafe99286ef1e0c136e8db0a3b958669a44cee1048440,367,0x4585fe77225b41b697c938b018e2ac67ac5a20c0,0x2260fac5e5542a773aa44fbcfedf7c193bc2c599,0xc02aaa39b223fe8d0a0e5c4f27ead9083c756cc2,8,18,0x51c72848c68a965f66fa7a88855f9f7784502a7f,0x51c72848c68a965f66fa7a88855f9f7784502a7f,zero_for_one,6806871,0,0,2201740858427249879,6806871,-2201740858427249879,45070713680374643397294692923229692,45070713680374643397294692923229692,270381124772531440,265041,265041
1773907835,24690248,0xee44071286d7745ad6a457262b8aad27a9e068d72d2f67372d0a2a907c9512f7,127,0x4585fe77225b41b697c938b018e2ac67ac5a20c0,0x2260fac5e5542a773aa44fbcfedf7c193bc2c599,0xc02aaa39b223fe8d0a0e5c4f27ead9083c756cc2,8,18,0x51c72848c68a965f66fa7a88855f9f7784502a7f,0x51c72848c68a965f66fa7a88855f9f7784502a7f,zero_for_one,13781461,0,0,4457539155838319191,13781461,-4457539155838319191,45069407514358248699910144958337579,45069407514358248699910144958337579,270381124772531440,265040,265040
1773907835,24690248,0xffc0ae95639c39263a64c3b04627ebaa09b2ba6c31828135c486b506056ca8bd,352,0x4585fe77225b41b697c938b018e2ac67ac5a20c0,0x2260fac5e5542a773aa44fbcfedf7c193bc2c599,0xc02aaa39b223fe8d0a0e5c4f27ead9083c756cc2,8,18,0xe592427a0aece92de3edee1f18e0157c05861564,0x11b815efb8f581194ae79006d24e0d814b7697f6,zero_for_one,3143684,0,0,1016771332474340633,3143684,-1016771332474340633,45069109575940998258411929557904688,45069109575940998258411929557904688,270381124772531440,265040,265040
1773907895,24690253,0x3b6d190607067fc060d8421603da0f911f887289d6b5ea658e8a47fdb420372a,24,0x4585fe77225b41b697c938b018e2ac67ac5a20c0,0x2260fac5e5542a773aa44fbcfedf7c193bc2c599,0xc02aaa39b223fe8d0a0e5c4f27ead9083c756cc2,8,18,0x66a9893cc07d91d95644aedd05d03f95e1dba8af,0x66a9893cc07d91d95644aedd05d03f95e1dba8af,zero_for_one,2000000,0,0,646859194853738031,2000000,-646859194853738031,45068920030663172989618376399277613,45068920030663172989618376399277613,270381124772531440,265040,265040
1773907895,24690253,0x42af3b5b128811ffe7286f5b9e2003c98414155c739f49329b7090ea85e3951b,218,0x4585fe77225b41b697c938b018e2ac67ac5a20c0,0x2260fac5e5542a773aa44fbcfedf7c193bc2c599,0xc02aaa39b223fe8d0a0e5c4f27ead9083c756cc2,8,18,0x6747bcaf9bd5a5f0758cbe08903490e45ddfacb5,0x5e1f62dac767b0491e3ce72469c217365d5b48cc,zero_for_one,7900408,0,0,2555172325357335019,7900408,-2555172325357335019,45068171303811712210065473323041471,45068171303811712210065473323041471,270381124772531440,265040,265040
1773907907,24690254,0x6a84302a9dc847f907e6db265f3fc1be6bb65dd0de125918ff165e32f856b441,12,0x4585fe77225b41b697c938b018e2ac67ac5a20c0,0x2260fac5e5542a773aa44fbcfedf7c193bc2c599,0xc02aaa39b223fe8d0a0e5c4f27ead9083c756cc2,8,18,0x51c72848c68a965f66fa7a88855f9f7784502a7f,0x51c72848c68a965f66fa7a88855f9f7784502a7f,zero_for_one,75644512,0,0,24460867025813126510,75644512,-24460867025813126510,45061003653810557339319011896757479,45061003653810557339319011896757479,270379913890190366,265037,265037
1773907931,24690256,0xfb5dfd69d485e4c62dc7f2e55b4a26937eee6b5cb610b026503f18da8eea53ec,44,0x4585fe77225b41b697c938b018e2ac67ac5a20c0,0x2260fac5e5542a773aa44fbcfedf7c193bc2c599,0xc02aaa39b223fe8d0a0e5c4f27ead9083c756cc2,8,18,0x66a9893cc07d91d95644aedd05d03f95e1dba8af,0x66a9893cc07d91d95644aedd05d03f95e1dba8af,zero_for_one,2425341,0,0,784144114525054210,2425341,-784144114525054210,45060773879725469693681633390946207,45060773879725469693681633390946207,270379913890190366,265037,265037
1773907931,24690256,0x4f6bf58df66ad28c5e78aaf1d947b636da1ac200e80e0b204c878048ced45629,549,0x4585fe77225b41b697c938b018e2ac67ac5a20c0,0x2260fac5e5542a773aa44fbcfedf7c193bc2c599,0xc02aaa39b223fe8d0a0e5c4f27ead9083c756cc2,8,18,0xaf682de1f2e6f710731121a05a44cb3c1b511f7d,0xaf682de1f2e6f710731121a05a44cb3c1b511f7d,zero_for_one,359475,0,0,116222167335602770,359475,-116222167335602770,45060739823686953589849730558643288,45060739823686953589849730558643288,270379913890190366,265037,265037
1773907955,24690258,0x9b356edcaa7ee01f4c2d59ef700d06045c6538a9707e0c8369a64b6ea409e684,576,0x4585fe77225b41b697c938b018e2ac67ac5a20c0,0x2260fac5e5542a773aa44fbcfedf7c193bc2c599,0xc02aaa39b223fe8d0a0e5c4f27ead9083c756cc2,8,18,0x3611b82c7b13e72b26eb0e9be0613bee7a45ac7c,0x3611b82c7b13e72b26eb0e9be0613bee7a45ac7c,zero_for_one,25701,0,0,8309363104974993,25701,-8309363104974993,45060737388833117744775502841752626,45060737388833117744775502841752626,270379913890190366,265037,265037
1773908087,24690269,0x7ee0e76358ea96bccf2482d1a879b2e12eaf3ea0847df1cf703f394a390738b2,954,0x4585fe77225b41b697c938b018e2ac67ac5a20c0,0x2260fac5e5542a773aa44fbcfedf7c193bc2c599,0xc02aaa39b223fe8d0a0e5c4f27ead9083c756cc2,8,18,0x91e57609791e2e3b656b605e5bb114ceb46ce552,0x91e57609791e2e3b656b605e5bb114ceb46ce552,zero_for_one,2101243,0,0,679351443469895602,2101243,-679351443469895602,45060538321654668267034235667155075,45060538321654668267034235667155075,270379913890190366,265036,265036
1773908123,24690272,0x99b2f724cb2ac574a8f1eeaf3e5439cc58979f1b2c3286648d0b7917984c9b03,184,0x4585fe77225b41b697c938b018e2ac67ac5a20c0,0x2260fac5e5542a773aa44fbcfedf7c193bc2c599,0xc02aaa39b223fe8d0a0e5c4f27ead9083c756cc2,8,18,0xe592427a0aece92de3edee1f18e0157c05861564,0xe592427a0aece92de3edee1f18e0157c05861564,zero_for_one,2431,0,0,785707858056184,2431,-785707858056184,45060538091422366720804609655227378,45060538091422366720804609655227378,270379913890190366,265036,265036
1773908291,24690286,0x5cfd63e8cd86990990ecb4098a8fff9e8278d2cd216177e0aa1f0c73a1ea4c96,707,0x4585fe77225b41b697c938b018e2ac67ac5a20c0,0x2260fac5e5542a773aa44fbcfedf7c193bc2c599,0xc02aaa39b223fe8d0a0e5c4f27ead9083c756cc2,8,18,0x51c72848c68a965f66fa7a88855f9f7784502a7f,0x51c72848c68a965f66fa7a88855f9f7784502a7f,zero_for_one,5318076,0,0,1719356691397299015,5318076,-1719356691397299015,45060034276366706422053085653860987,45060034276366706422053085653860987,270379913890190366,265036,265036
1773908387,24690294,0xe104df3c2acadd462cb1a1224c5232bd22be1cea634b73ad755c19129341947e,27,0x4585fe77225b41b697c938b018e2ac67ac5a20c0,0x2260fac5e5542a773aa44fbcfedf7c193bc2c599,0xc02aaa39b223fe8d0a0e5c4f27ead9083c756cc2,8,18,0x66a9893cc07d91d95644aedd05d03f95e1dba8af,0x66a9893cc07d91d95644aedd05d03f95e1dba8af,zero_for_one,10200000,0,0,3297596587453100661,10200000,-3297596587453100661,45059067997050398463876312389557158,45059067997050398463876312389557158,270379913890190366,265036,265036
1773908411,24690296,0xe048c3754710640e179161cc9eea49d2d352c5d5993f9496a06436e0ed87a3f2,24,0x4585fe77225b41b697c938b018e2ac67ac5a20c0,0x2260fac5e5542a773aa44fbcfedf7c193bc2c599,0xc02aaa39b223fe8d0a0e5c4f27ead9083c756cc2,8,18,0xbdb3ba9ffe392549e1f8658dd2630c141fdf47b6,0xbdb3ba9ffe392549e1f8658dd2630c141fdf47b6,zero_for_one,26121630,0,0,8444315685953695941,26121630,-8444315685953695941,45056593598690466284382083770222917,45056593598690466284382083770222917,270379913890190366,265035,265035
1773908423,24690297,0xa5c73a9b24794a9d855397ff8ab3af343c8d09496051ea681bf48f20848f2c36,263,0x4585fe77225b41b697c938b018e2ac67ac5a20c0,0x2260fac5e5542a773aa44fbcfedf7c193bc2c599,0xc02aaa39b223fe8d0a0e5c4f27ead9083c756cc2,8,18,0xbdb3ba9ffe392549e1f8658dd2630c141fdf47b6,0xbdb3ba9ffe392549e1f8658dd2630c141fdf47b6,zero_for_one,10661212,0,0,3446173752486676696,10661212,-3446173752486676696,45055583782501881750205974310776432,45055583782501881750205974310776432,270379913890190366,265034,265034
1773908459,24690300,0x4754484f8fad0a039d51739b6d09f48315eb16c8e24132758cff5ad1fb5de9f5,7,0x4585fe77225b41b697c938b018e2ac67ac5a20c0,0x2260fac5e5542a773aa44fbcfedf7c193bc2c599,0xc02aaa39b223fe8d0a0e5c4f27ead9083c756cc2,8,18,0x66a9893cc07d91d95644aedd05d03f95e1dba8af,0x66a9893cc07d91d95644aedd05d03f95e1dba8af,zero_for_one,10200000,0,0,3296945231921150137,10200000,-3296945231921150137,45054617694049241131237804215147382,45054617694049241131237804215147382,270379913890190366,265034,265034
1773908567,24690309,0xc64c020e731c3f6079bd988bea9902a3a28e27aecd4897265c3d7099f3351126,14,0x4585fe77225b41b697c938b018e2ac67ac5a20c0,0x2260fac5e5542a773aa44fbcfedf7c193bc2c599,0xc02aaa39b223fe8d0a0e5c4f27ead9083c756cc2,8,18,0x66a9893cc07d91d95644aedd05d03f95e1dba8af,0x56534741cd8b152df6d48adf7ac51f75169a83b2,one_for_zero,0,4666510727322584,14423,0,-14423,4666510727322584,45054619060771367146157856001671417,45054619060771367146157856001671417,270379913890190366,265034,265034
1773908675,24690318,0x2c6598dea78203f1fcb4da96ff091719b5afe3ec4a815d9f761578dc956df8f6,71,0x4585fe77225b41b697c938b018e2ac67ac5a20c0,0x2260fac5e5542a773aa44fbcfedf7c193bc2c599,0xc02aaa39b223fe8d0a0e5c4f27ead9083c756cc2,8,18,0x06cff7088619c7178f5e14f0b119458d08d2f5ef,0x06cff7088619c7178f5e14f0b119458d08d2f5ef,one_for_zero,0,720000000000000000,2225326,0,-2225326,720000000000000000,45054829933517243236076839578283452,45054829933517243236076839578283452,270379913890190366,265034,265034
1773908675,24690318,0xc99df8361410fcd9c1ddf126728892b191b22b6835469533d1a3437f16c0d2d0,122,0x4585fe77225b41b697c938b018e2ac67ac5a20c0,0x2260fac5e5542a773aa44fbcfedf7c193bc2c599,0xc02aaa39b223fe8d0a0e5c4f27ead9083c756cc2,8,18,0x06cff7088619c7178f5e14f0b119458d08d2f5ef,0x06cff7088619c7178f5e14f0b119458d08d2f5ef,one_for_zero,0,88595123291015625,273822,0,-273822,88595123291015625,45054855881151853801622712422819828,45054855881151853801622712422819828,270379913890190366,265034,265034
1773908711,24690321,0xd44aec31c73e396a67f55ad39b934e8e6065c2cb573434ad9931ebe344c30ad0,536,0x4585fe77225b41b697c938b018e2ac67ac5a20c0,0x2260fac5e5542a773aa44fbcfedf7c193bc2c599,0xc02aaa39b223fe8d0a0e5c4f27ead9083c756cc2,8,18,0x68b3465833fb72a70ecdf485e0e4c7bd8665fc45,0x1571cd204158ee996a9dacd575c82e9f9ded04df,one_for_zero,0,231717630301898428,716171,0,-716171,231717630301898428,45054923746336533887706067940206060,45054923746336533887706067940206060,270379913890190366,265034,265034
1773908711,24690321,0x972b2857c6e7825462a3280ca42339d2dca22887bcdd165b74eeb6b50a57fe89,718,0x4585fe77225b41b697c938b018e2ac67ac5a20c0,0x2260fac5e5542a773aa44fbcfedf7c193bc2c599,0xc02aaa39b223fe8d0a0e5c4f27ead9083c756cc2,8,18,0x278d858f05b94576c1e6f73285886876ff6ef8d2,0x278d858f05b94576c1e6f73285886876ff6ef8d2,one_for_zero,0,974078917442773378,3010570,0,-3010570,974078917442773378,45055209033414341063709200002001992,45055209033414341063709200002001992,270379913890190366,265034,265034
1773908759,24690325,0x730b6a234b02fd8881f9d51c9abf3282251ecd1d094f3dfbccda3817f9b529bf,79,0x4585fe77225b41b697c938b018e2ac67ac5a20c0,0x2260fac5e5542a773aa44fbcfedf7c193bc2c599,0xc02aaa39b223fe8d0a0e5c4f27ead9083c756cc2,8,18,0x278d858f05b94576c1e6f73285886876ff6ef8d2,0x278d858f05b94576c1e6f73285886876ff6ef8d2,one_for_zero,0,357939411075327000,1106268,0,-1106268,357939411075327000,45055313866284439292481154360667291,45055313866284439292481154360667291,270379913890190366,265034,265034
1773908783,24690327,0x45b98d680cb305b2d8b0c9de226d5be167a876bab233b8b5decfa572fe47fddd,73,0x4585fe77225b41b697c938b018e2ac67ac5a20c0,0x2260fac5e5542a773aa44fbcfedf7c193bc2c599,0xc02aaa39b223fe8d0a0e5c4f27ead9083c756cc2,8,18,0x51c72848c68a965f66fa7a88855f9f7784502a7f,0x51c72848c68a965f66fa7a88855f9f7784502a7f,one_for_zero,0,12618215138821113856,38995297,0,-38995297,12618215138821113856,45059009474165520480566493518775658,45059009474165520480566493518775658,270379913890190366,265036,265036
1773908807,24690329,0x28c8f710c7a66eb60bdeb4e7ae120893b692fb6daae2d764109e8224e5b6cc3d,13,0x4585fe77225b41b697c938b018e2ac67ac5a20c0,0x2260fac5e5542a773aa44fbcfedf7c193bc2c599,0xc02aaa39b223fe8d0a0e5c4f27ead9083c756cc2,8,18,0xbdb3ba9ffe392549e1f8658dd2630c141fdf47b6,0xbdb3ba9ffe392549e1f8658dd2630c141fdf47b6,one_for_zero,0,55714928478698174828,172104812,0,-172104812,55714928478698174828,45075327160734924164817192989558026,45075327160734924164817192989558026,270381124772531440,265043,265043
1773908819,24690330,0x3032af97582bc50f6badaeb0ba76bc14a2298430f3cf484ecc710f7e63fb51a8,367,0x4585fe77225b41b697c938b018e2ac67ac5a20c0,0x2260fac5e5542a773aa44fbcfedf7c193bc2c599,0xc02aaa39b223fe8d0a0e5c4f27ead9083c756cc2,8,18,0x6747bcaf9bd5a5f0758cbe08903490e45ddfacb5,0x5e1f62dac767b0491e3ce72469c217365d5b48cc,one_for_zero,0,645031000000000000,1991787,0,-1991787,645031000000000000,45075516075802968442350296174641306,45075516075802968442350296174641306,270381124772531440,265043,265043
1773908831,24690331,0x1ad072fc89ff2514199d2b88fec3e41a199bebd72afc17a4ecf12a5933656da1,2,0x4585fe77225b41b697c938b018e2ac67ac5a20c0,0x2260fac5e5542a773aa44fbcfedf7c193bc2c599,0xc02aaa39b223fe8d0a0e5c4f27ead9083c756cc2,8,18,0x7cda585e917fecb3a33c6d5a8f8a15dd956694dc,0x01989c93890aed05a63d179b03424997075b6acf,one_for_zero,0,14803996381894425000,45708581,0,-45708581,14803996381894425000,45079851833284101633944901949896430,45079851833284101633944901949896430,270381124772531440,265045,265045
1773908843,24690332,0x88e79f623b9417a552ef1e3748d5ec6dfeaaf022dcf369077238da1944bd1a6a,773,0x4585fe77225b41b697c938b018e2ac67ac5a20c0,0x2260fac5e5542a773aa44fbcfedf7c193bc2c599,0xc02aaa39b223fe8d0a0e5c4f27ead9083c756cc2,8,18,0xbdb3ba9ffe392549e1f8658dd2630c141fdf47b6,0xbdb3ba9ffe392549e1f8658dd2630c141fdf47b6,one_for_zero,0,1654490711842943040,5107832,0,-5107832,1654490711842943040,45080336396391001046154382641968904,45080336396391001046154382641968904,270381124772531440,265045,265045
1773908855,24690333,0xed41c234f85d5592e423d9c64b7c0277291a0108fe7d4ca83f5eeba53064c420,56,0x4585fe77225b41b697c938b018e2ac67ac5a20c0,0x2260fac5e5542a773aa44fbcfedf7c193bc2c599,0xc02aaa39b223fe8d0a0e5c4f27ead9083c756cc2,8,18,0x63242a4ea82847b20e506b63b0e2e2eff0cc6cb0,0x63242a4ea82847b20e506b63b0e2e2eff0cc6cb0,zero_for_one,750000,0,0,242693701558224906,750000,-242693701558224906,45080265281308376769565559196011266,45080265281308376769565559196011266,270381124772531440,265045,265045
1773908879,24690335,0xfb96eedd1a7f7d17a158f18fa1d665f51a462b149c4b8ae3118cd4dc7d325efe,42,0x4585fe77225b41b697c938b018e2ac67ac5a20c0,0x2260fac5e5542a773aa44fbcfedf7c193bc2c599,0xc02aaa39b223fe8d0a0e5c4f27ead9083c756cc2,8,18,0xbdb3ba9ffe392549e1f8658dd2630c141fdf47b6,0xbdb3ba9ffe392549e1f8658dd2630c141fdf47b6,one_for_zero,0,12174016373272713285,37581020,0,-37581020,12174016373272713285,45083830776814064036418902689938725,45083830776814064036418902689938725,270381124772531440,265047,265047
1773908879,24690335,0xb9c7c5de8197507009d0dfd026da45854932d744f543bb541674f800bc270460,76,0x4585fe77225b41b697c938b018e2ac67ac5a20c0,0x2260fac5e5542a773aa44fbcfedf7c193bc2c599,0xc02aaa39b223fe8d0a0e5c4f27ead9083c756cc2,8,18,0xdd49677ad0e4ed52e0c717ac91dabcb5df2515ef,0x9008d19f58aabd9ed0d60971565aa8510560ab41,one_for_zero,0,1213952264446510226,3747128,0,-3747128,1213952264446510226,45084186316120919702693919152368163,45084186316120919702693919152368163,270381124772531440,265047,265047
1773908915,24690338,0xab0df192a52bc127285b6b61cd75692b5c04ac54cd1880a6147ed8bd55a223e3,19,0x4585fe77225b41b697c938b018e2ac67ac5a20c0,0x2260fac5e5542a773aa44fbcfedf7c193bc2c599,0xc02aaa39b223fe8d0a0e5c4f27ead9083c756cc2,8,18,0xbdb3ba9ffe392549e1f8658dd2630c141fdf47b6,0xbdb3ba9ffe392549e1f8658dd2630c141fdf47b6,one_for_zero,0,12985928355048535596,40080198,0,-40080198,12985928355048535596,45087989602379738437170241735227796,45087989602379738437170241735227796,270381124772531440,265049,265049
1773909071,24690351,0xa5ee74f10f5ac22e1c5b327372be73a4270900ab129f5f5c2ce9cea27d4b9156,26,0x4585fe77225b41b697c938b018e2ac67ac5a20c0,0x2260fac5e5542a773aa44fbcfedf7c193bc2c599,0xc02aaa39b223fe8d0a0e5c4f27ead9083c756cc2,8,18,0x51c72848c68a965f66fa7a88855f9f7784502a7f,0x51c72848c68a965f66fa7a88855f9f7784502a7f,zero_for_one,43885494,0,0,14204510397073850567,43885494,-14204510397073850567,45083827339725044222175387505854107,45083827339725044222175387505854107,270381124772531440,265047,265047
1773909083,24690352,0x0af36b59702c76bc65db1a03dbf7a76c51fc900335f3b11773f327d6269735fa,10,0x4585fe77225b41b697c938b018e2ac67ac5a20c0,0x2260fac5e5542a773aa44fbcfedf7c193bc2c599,0xc02aaa39b223fe8d0a0e5c4f27ead9083c756cc2,8,18,0x51c72848c68a965f66fa7a88855f9f7784502a7f,0x51c72848c68a965f66fa7a88855f9f7784502a7f,zero_for_one,104319640,0,0,33754833876626442840,104319640,-33754833876626442840,45073936362807667902406875151739823,45073936362807667902406875151739823,270381124772531440,265042,265042
1773909095,24690353,0x93fe9e9b7c677b7d94587e4bbe5b40a7996f98ebf430621a38951ed1281b0d9e,75,0x4585fe77225b41b697c938b018e2ac67ac5a20c0,0x2260fac5e5542a773aa44fbcfedf7c193bc2c599,0xc02aaa39b223fe8d0a0e5c4f27ead9083c756cc2,8,18,0x51c72848c68a965f66fa7a88855f9f7784502a7f,0x51c72848c68a965f66fa7a88855f9f7784502a7f,zero_for_one,16972784,0,0,5490503494982508629,16972784,-5490503494982508629,45072327513434208223318754246382579,45072327513434208223318754246382579,270381124772531440,265042,265042
1773909119,24690355,0x3b06cd85a37cbab100bd94c4a8e9a3b27e8f9c7cb4110a7deb0f8cb5d9a52326,206,0x4585fe77225b41b697c938b018e2ac67ac5a20c0,0x2260fac5e5542a773aa44fbcfedf7c193bc2c599,0xc02aaa39b223fe8d0a0e5c4f27ead9083c756cc2,8,18,0xbdb3ba9ffe392549e1f8658dd2630c141fdf47b6,0xbdb3ba9ffe392549e1f8658dd2630c141fdf47b6,zero_for_one,15312396,0,0,4953050389165896958,15312396,-4953050389165896958,45070876150727198570586586066537426,45070876150727198570586586066537426,270381124772531440,265041,265041
1773909131,24690356,0x230a6d132a254c94c5d532e04e836ab66e997dd9a6f9a1729e7e8dcf1786cf50,38,0x4585fe77225b41b697c938b018e2ac67ac5a20c0,0x2260fac5e5542a773aa44fbcfedf7c193bc2c599,0xc02aaa39b223fe8d0a0e5c4f27ead9083c756cc2,8,18,0x66a9893cc07d91d95644aedd05d03f95e1dba8af,0x66a9893cc07d91d95644aedd05d03f95e1dba8af,one_for_zero,0,7719465991798153,23841,0,-23841,7719465991798153,45070878411585115641292106746656181,45070878411585115641292106746656181,270381124772531440,265041,265041
1773909143,24690357,0x64add1019a02b90dca47591fe9974cd12cdaebcab01322465d7f9cf7fc50595d,384,0x4585fe77225b41b697c938b018e2ac67ac5a20c0,0x2260fac5e5542a773aa44fbcfedf7c193bc2c599,0xc02aaa39b223fe8d0a0e5c4f27ead9083c756cc2,8,18,0x3d810cfbdf51a2176b4eadba019bb42e3ea86358,0x3d810cfbdf51a2176b4eadba019bb42e3ea86358,zero_for_one,13601,0,0,4399265069863735,13601,-4399265069863735,45070877122494805836130946198569977,45070877122494805836130946198569977,270381124772531440,265041,265041
1773909215,24690363,0xcb08a140687010710ef3f588a8b8d3087caf9add4e949cf2dfd91730b9493701,385,0x4585fe77225b41b697c938b018e2ac67ac5a20c0,0x2260fac5e5542a773aa44fbcfedf7c193bc2c599,0xc02aaa39b223fe8d0a0e5c4f27ead9083c756cc2,8,18,0x51c72848c68a965f66fa7a88855f9f7784502a7f,0x51c72848c68a965f66fa7a88855f9f7784502a7f,one_for_zero,0,3222747875573319680,9953302,0,-9953302,3222747875573319680,45071820992842437941490295770563153,45071820992842437941490295770563153,270381124772531440,265041,265041
1773909227,24690364,0xa4dc978fee8c75fb16251dfa4b32ed25ac534f17cae7b882228374db4bf89b5d,134,0x4585fe77225b41b697c938b018e2ac67ac5a20c0,0x2260fac5e5542a773aa44fbcfedf7c193bc2c599,0xc02aaa39b223fe8d0a0e5c4f27ead9083c756cc2,8,18,0x66a9893cc07d91d95644aedd05d03f95e1dba8af,0x56534741cd8b152df6d48adf7ac51f75169a83b2,one_for_zero,0,4630248441137832,14300,0,-14300,4630248441137832,45071822348938035392563680401432402,45071822348938035392563680401432402,270381124772531440,265041,265041
1773909251,24690366,0x2e0b96a7a8621bfcf36d2021512b5fb0af5b0a1faf4a7fd377536fca28bd25da,18,0x4585fe77225b41b697c938b018e2ac67ac5a20c0,0x2260fac5e5542a773aa44fbcfedf7c193bc2c599,0xc02aaa39b223fe8d0a0e5c4f27ead9083c756cc2,8,18,0x51c72848c68a965f66fa7a88855f9f7784502a7f,0x51c72848c68a965f66fa7a88855f9f7784502a7f,one_for_zero,0,15646761538560532480,48318343,0,-48318343,15646761538560532480,45076404933373093161287064267489158,45076404933373093161287064267489158,270381124772531440,265044,265044
1773909275,24690368,0x68dcb75da80b3f070c3b918b11f968784c870ccea15b10788ee6785ae1a73678,5,0x4585fe77225b41b697c938b018e2ac67ac5a20c0,0x2260fac5e5542a773aa44fbcfedf7c193bc2c599,0xc02aaa39b223fe8d0a0e5c4f27ead9083c756cc2,8,18,0x51c72848c68a965f66fa7a88855f9f7784502a7f,0x51c72848c68a965f66fa7a88855f9f7784502a7f,one_for_zero,0,20952683488665174016,64688034,0,-64688034,20952683488665174016,45082541502975129949774822076572634,45082541502975129949774822076572634,270381124772531440,265046,265046
1773909299,24690370,0x79d02d419fd329864ab0bbcc1fa30e2007ecbb6ec45a1af6e113866c23a68f04,188,0x4585fe77225b41b697c938b018e2ac67ac5a20c0,0x2260fac5e5542a773aa44fbcfedf7c193bc2c599,0xc02aaa39b223fe8d0a0e5c4f27ead9083c756cc2,8,18,0xbc1d9760bd6ca468ca9fb5ff2cfbeac35d86c973,0xf3c2de39a77b0966cedccfdfb4de0a22dcc416b8,one_for_zero,0,2143535045000000000,6616826,0,-6616826,2143535045000000000,45083169296164730865860890536580188,45083169296164730865860890536580188,270381124772531440,265047,265047
1773909431,24690381,0x0f24ecdf4a9a5b57ca8af10ebc40691d8bd012a53236d03621059ad8adf31d6f,6,0x4585fe77225b41b697c938b018e2ac67ac5a20c0,0x2260fac5e5542a773aa44fbcfedf7c193bc2c599,0xc02aaa39b223fe8d0a0e5c4f27ead9083c756cc2,8,18,0x51c72848c68a965f66fa7a88855f9f7784502a7f,0x51c72848c68a965f66fa7a88855f9f7784502a7f,zero_for_one,28825443,0,0,9328292654023267377,28825443,-9328292654023267377,45080435882406668651593471535105768,45080435882406668651593471535105768,270381124772531440,265045,265045
1773909479,24690385,0x462c5ce4a048036c4a54ec2ddd83b075bff9cebc1687cd59dfbb90259d1782ae,409,0x4585fe77225b41b697c938b018e2ac67ac5a20c0,0x2260fac5e5542a773aa44fbcfedf7c193bc2c599,0xc02aaa39b223fe8d0a0e5c4f27ead9083c756cc2,8,18,0x278d858f05b94576c1e6f73285886876ff6ef8d2,0x278d858f05b94576c1e6f73285886876ff6ef8d2,zero_for_one,4122204,0,0,1333906731872580250,4122204,-1333906731872580250,45080045015701677384544584194108604,45080045015701677384544584194108604,270381124772531440,265045,265045
1773909491,24690386,0x63ddc5a73ad4ae1aba5682191b1e1064bcced4139da5c261b41f5c07f2f40c7f,9,0x4585fe77225b41b697c938b018e2ac67ac5a20c0,0x2260fac5e5542a773aa44fbcfedf7c193bc2c599,0xc02aaa39b223fe8d0a0e5c4f27ead9083c756cc2,8,18,0x51c72848c68a965f66fa7a88855f9f7784502a7f,0x51c72848c68a965f66fa7a88855f9f7784502a7f,zero_for_one,152209834,0,0,49237501004807939692,152209834,-49237501004807939692,45065617237618029572531801945330143,45065617237618029572531801945330143,270379913890190366,265039,265039
1773909551,24690391,0xeeaa9f7aa321ca7bda65300809cd0801c19834aea1a2a9dd633cddb9bc7a6ad4,25,0x4585fe77225b41b697c938b018e2ac67ac5a20c0,0x2260fac5e5542a773aa44fbcfedf7c193bc2c599,0xc02aaa39b223fe8d0a0e5c4f27ead9083c756cc2,8,18,0xbdb3ba9ffe392549e1f8658dd2630c141fdf47b6,0xbdb3ba9ffe392549e1f8658dd2630c141fdf47b6,zero_for_one,36690989,0,0,11864247183468324380,36690989,-11864247183468324380,45062140712714840989995419099777379,45062140712714840989995419099777379,270379913890190366,265037,265037
1773909575,24690393,0x53b96d2264ca1c4673534df0d1e7b330df3199c6c7748f8da49e48f55d80ece0,43,0x4585fe77225b41b697c938b018e2ac67ac5a20c0,0x2260fac5e5542a773aa44fbcfedf7c193bc2c599,0xc02aaa39b223fe8d0a0e5c4f27ead9083c756cc2,8,18,0xbdb3ba9ffe392549e1f8658dd2630c141fdf47b6,0xbdb3ba9ffe392549e1f8658dd2630c141fdf47b6,zero_for_one,10229471,0,0,3307433290427780981,10229471,-3307433290427780981,45061171550995433373182372230547743,45061171550995433373182372230547743,270379913890190366,265037,265037
1773909599,24690395,0x8d4d9522523d0524dadc0964b69c3de6f25fe8d6d1106c9b185abdec43ca51d3,29,0x4585fe77225b41b697c938b018e2ac67ac5a20c0,0x2260fac5e5542a773aa44fbcfedf7c193bc2c599,0xc02aaa39b223fe8d0a0e5c4f27ead9083c756cc2,8,18,0xbdb3ba9ffe392549e1f8658dd2630c141fdf47b6,0xbdb3ba9ffe392549e1f8658dd2630c141fdf47b6,zero_for_one,18993249,0,0,6140595635202895875,18993249,-6140595635202895875,45059372200955260554526068989927376,45059372200955260554526068989927376,270379913890190366,265036,265036
1773909623,24690397,0x7fff96cfa61a5a31ab41b913f98cb70c2d3c92144f4cd2474fdb782646f3a5f2,25,0x4585fe77225b41b697c938b018e2ac67ac5a20c0,0x2260fac5e5542a773aa44fbcfedf7c193bc2c599,0xc02aaa39b223fe8d0a0e5c4f27ead9083c756cc2,8,18,0xbdb3ba9ffe392549e1f8658dd2630c141fdf47b6,0xbdb3ba9ffe392549e1f8658dd2630c141fdf47b6,zero_for_one,23248261,0,0,7515590935499428403,23248261,-7515590935499428403,45057169942468447403690570817870405,45057169942468447403690570817870405,270379913890190366,265035,265035
1773909683,24690402,0x2bd916f77090777250b506c97f5ab03e85b4e494667a1cd0a025a7f24b505abe,258,0x4585fe77225b41b697c938b018e2ac67ac5a20c0,0x2260fac5e5542a773aa44fbcfedf7c193bc2c599,0xc02aaa39b223fe8d0a0e5c4f27ead9083c756cc2,8,18,0x51c72848c68a965f66fa7a88855f9f7784502a7f,0x51c72848c68a965f66fa7a88855f9f7784502a7f,zero_for_one,9393822,0,0,3036583284197343952,9393822,-3036583284197343952,45056280146660515480722996437068065,45056280146660515480722996437068065,270379913890190366,265035,265035
1773909743,24690407,0xc7977e80ea0bec08708c400aaf0b3d9f557d47ca2393e659286225786af769c7,1069,0x4585fe77225b41b697c938b018e2ac67ac5a20c0,0x2260fac5e5542a773aa44fbcfedf7c193bc2c599,0xc02aaa39b223fe8d0a0e5c4f27ead9083c756cc2,8,18,0x278d858f05b94576c1e6f73285886876ff6ef8d2,0x278d858f05b94576c1e6f73285886876ff6ef8d2,one_for_zero,0,1331161837469030000,4113944,0,-4113944,1331161837469030000,45056670015760338474715954244665853,45056670015760338474715954244665853,270379913890190366,265035,265035
1773909767,24690409,0x7661ea498f83a5576d7409e0dcb0f8d184c8e4925de9aaa216a12b4c0d1ee4e7,368,0x4585fe77225b41b697c938b018e2ac67ac5a20c0,0x2260fac5e5542a773aa44fbcfedf7c193bc2c599,0xc02aaa39b223fe8d0a0e5c4f27ead9083c756cc2,8,18,0x51c72848c68a965f66fa7a88855f9f7784502a7f,0x51c72848c68a965f66fa7a88855f9f7784502a7f,one_for_zero,0,1660210845593839616,5130767,0,-5130767,1660210845593839616,45057156256343315749854964133927159,45057156256343315749854964133927159,270379913890190366,265035,265035
1773909779,24690410,0xce69b40c12320e604df40945eda7860296a980e83b27f7e2170b7093607b85bd,905,0x4585fe77225b41b697c938b018e2ac67ac5a20c0,0x2260fac5e5542a773aa44fbcfedf7c193bc2c599,0xc02aaa39b223fe8d0a0e5c4f27ead9083c756cc2,8,18,0xbdb3ba9ffe392549e1f8658dd2630c141fdf47b6,0xbdb3ba9ffe392549e1f8658dd2630c141fdf47b6,one_for_zero,0,1583900905595154569,4894833,0,-4894833,1583900905595154569,45057620147361591410575206133332630,45057620147361591410575206133332630,270379913890190366,265035,265035
1773909815,24690413,0xe1b4a7eb69dcf59a14b471d7d9631e1fd0ab217a73f3175c8593ec3f2dd48bfa,12,0x4585fe77225b41b697c938b018e2ac67ac5a20c0,0x2260fac5e5542a773aa44fbcfedf7c193bc2c599,0xc02aaa39b223fe8d0a0e5c4f27ead9083c756cc2,8,18,0x06cff7088619c7178f5e14f0b119458d08d2f5ef,0x06cff7088619c7178f5e14f0b119458d08d2f5ef,one_for_zero,0,420000000000000000,1297936,0,-1297936,420000000000000000,45057743156463352463027946553022983,45057743156463352463027946553022983,270379913890190366,265035,265035
1773909839,24690415,0xa61c3ef0093a678452f40c6c96a783fc322fdd49c73bba43542f1b93793f6bf6,79,0x4585fe77225b41b697c938b018e2ac67ac5a20c0,0x2260fac5e5542a773aa44fbcfedf7c193bc2c599,0xc02aaa39b223fe8d0a0e5c4f27ead9083c756cc2,8,18,0x699c5bd4d03d98dabe8ef94ce13ba0314e4d35c8,0x699c5bd4d03d98dabe8ef94ce13ba0314e4d35c8,one_for_zero,0,7600000000000000000,23485252,0,-23485252,7600000000000000000,45059969035447600078839439861705576,45059969035447600078839439861705576,270379913890190366,265036,265036
1773910019,24690430,0x498b856c831451053071ff08f265f15bb9872dea58593fa8611bc085dc57ea7a,182,0x4585fe77225b41b697c938b018e2ac67ac5a20c0,0x2260fac5e5542a773aa44fbcfedf7c193bc2c599,0xc02aaa39b223fe8d0a0e5c4f27ead9083c756cc2,8,18,0x66a9893cc07d91d95644aedd05d03f95e1dba8af,0x66a9893cc07d91d95644aedd05d03f95e1dba8af,one_for_zero,0,3251503907070459783,10046974,0,-10046974,3251503907070459783,45060921332054698387946871202156894,45060921332054698387946871202156894,270379913890190366,265037,265037
1773910043,24690432,0xc60aac7306c278d4c71ff5349a637e499195ba3f30cee5fca3d94620396c3e98,186,0x4585fe77225b41b697c938b018e2ac67ac5a20c0,0x2260fac5e5542a773aa44fbcfedf7c193bc2c599,0xc02aaa39b223fe8d0a0e5c4f27ead9083c756cc2,8,18,0xbdb3ba9ffe392549e1f8658dd2630c141fdf47b6,0xbdb3ba9ffe392549e1f8658dd2630c141fdf47b6,zero_for_one,10861072,0,0,3511450272798592834,10861072,-3511450272798592834,45059892388192444505049659682307138,45059892388192444505049659682307138,270379913890190366,265036,265036
1773910103,24690437,0x2844c95f6840e9d327e465973e8a10ff75cf4c8dda4437ceb5acf91216f96c84,266,0x4585fe77225b41b697c938b018e2ac67ac5a20c0,0x2260fac5e5542a773aa44fbcfedf7c193bc2c599,0xc02aaa39b223fe8d0a0e5c4f27ead9083c756cc2,8,18,0xe592427a0aece92de3edee1f18e0157c05861564,0xe592427a0aece92de3edee1f18e0157c05861564,zero_for_one,7944,0,0,2568275613891665,7944,-2568275613891665,45059891635622644510696863751855525,45059891635622644510696863751855525,270379913890190366,265036,265036
1773910115,24690438,0x2a592eeb0534c0aafca2723eefe79f9fb26ff612a9dd726071a567cb4b20ab06,194,0x4585fe77225b41b697c938b018e2ac67ac5a20c0,0x2260fac5e5542a773aa44fbcfedf7c193bc2c599,0xc02aaa39b223fe8d0a0e5c4f27ead9083c756cc2,8,18,0xd92f4302a46d0138317fe90557f4e0a7d34913a3,0xd92f4302a46d0138317fe90557f4e0a7d34913a3,zero_for_one,391,0,0,126149555650797,391,-126149555650797,45059891598657629793432160030264450,45059891598657629793432160030264450,270379913890190366,265036,265036
1773910379,24690460,0x7c44bd7c10cbdf19392addc0cc4f5476b1d0dbd7f7cdedfc3e5910c209e5d73f,7,0x4585fe77225b41b697c938b018e2ac67ac5a20c0,0x2260fac5e5542a773aa44fbcfedf7c193bc2c599,0xc02aaa39b223fe8d0a0e5c4f27ead9083c756cc2,8,18,0xbdb3ba9ffe392549e1f8658dd2630c141fdf47b6,0xbdb3ba9ffe392549e1f8658dd2630c141fdf47b6,zero_for_one,45972685,0,0,14861471224413811245,45972685,-14861471224413811245,45055536811201609232437516389796585,45055536811201609232437516389796585,270379913890190366,265034,265034
1773910391,24690461,0xbde2e66617490efb54a29b757305742c24a959ddd951a14e3fedebb87e4b4f8f,9,0x4585fe77225b41b697c938b018e2ac67ac5a20c0,0x2260fac5e5542a773aa44fbcfedf7c193bc2c599,0xc02aaa39b223fe8d0a0e5c4f27ead9083c756cc2,8,18,0xbdb3ba9ffe392549e1f8658dd2630c141fdf47b6,0xbdb3ba9ffe392549e1f8658dd2630c141fdf47b6,zero_for_one,36144004,0,0,11682161879907551472,36144004,-11682161879907551472,45052113641903925543398329085037964,45052113641903925543398329085037964,270379913890190366,265033,265033
1773910427,24690464,0x9e8b5b14de0dd19a8e8f5ba490e13f99d4c2605f0d111831d166e07d7dff74cb,271,0x4585fe77225b41b697c938b018e2ac67ac5a20c0,0x2260fac5e5542a773aa44fbcfedf7c193bc2c599,0xc02aaa39b223fe8d0a0e5c4f27ead9083c756cc2,8,18,0xbdb3ba9ffe392549e1f8658dd2630c141fdf47b6,0xbdb3ba9ffe392549e1f8658dd2630c141fdf47b6,zero_for_one,6683294,0,0,2159923725492669117,6683294,-2159923725492669117,45051480729549307188365588863043669,45051480729549307188365588863043669,270379913890190366,265032,265032
1773910451,24690466,0x5e622cf51271f5fe9cd79249302aad76491678e971212fac0a1e02dee2d8da97,25,0x4585fe77225b41b697c938b018e2ac67ac5a20c0,0x2260fac5e5542a773aa44fbcfedf7c193bc2c599,0xc02aaa39b223fe8d0a0e5c4f27ead9083c756cc2,8,18,0x51c72848c68a965f66fa7a88855f9f7784502a7f,0x51c72848c68a965f66fa7a88855f9f7784502a7f,zero_for_one,17091660,0,0,5523449763014068315,17091660,-5523449763014068315,45049862218879756559280686730135327,45049862218879756559280686730135327,270379913890190366,265032,265032
1773910463,24690467,0x0d44f3284202bb9e3f45d133fca86cff3ae98bd91ce410727e8edfa0d6c4f201,262,0x4585fe77225b41b697c938b018e2ac67ac5a20c0,0x2260fac5e5542a773aa44fbcfedf7c193bc2c599,0xc02aaa39b223fe8d0a0e5c4f27ead9083c756cc2,8,18,0x6747bcaf9bd5a5f0758cbe08903490e45ddfacb5,0x5e1f62dac767b0491e3ce72469c217365d5b48cc,zero_for_one,10676927,0,0,3450222239044781694,10676927,-3450222239044781694,45048851216382076991419244617046318,45048851216382076991419244617046318,270379913890190366,265031,265031
1773910739,24690489,0x7df8865955e70e8fd6204b523bbf3056689d2fbf3273f7460e5c82b8cd97e64c,25,0x4585fe77225b41b697c938b018e2ac67ac5a20c0,0x2260fac5e5542a773aa44fbcfedf7c193bc2c599,0xc02aaa39b223fe8d0a0e5c4f27ead9083c756cc2,8,18,0x66a9893cc07d91d95644aedd05d03f95e1dba8af,0x66a9893cc07d91d95644aedd05d03f95e1dba8af,one_for_zero,0,6351672671159558174,19635623,0,-19635623,6351672671159558174,45050711486739123567475956171870876,45050711486739123567475956171870876,270379913890190366,265032,265032
1773911051,24690515,0xae140cb5a22b37b7c740fdca982d8d309a50b504ca5a52f0b40d84a43ec44fd0,138,0x4585fe77225b41b697c938b018e2ac67ac5a20c0,0x2260fac5e5542a773aa44fbcfedf7c193bc2c599,0xc02aaa39b223fe8d0a0e5c4f27ead9083c756cc2,8,18,0x63242a4ea82847b20e506b63b0e2e2eff0cc6cb0,0x63242a4ea82847b20e506b63b0e2e2eff0cc6cb0,one_for_zero,0,4548600000000000000,14060590,0,-14060590,4548600000000000000,45052044513714338550996045805143595,45052044513714338550996045805143595,270209859289821129,265033,265033
1773911135,24690522,0x9fb0ae71da6ff325bca9be8a5dbf2eb67739ea62b904235f1a9b594d645c5501,890,0x4585fe77225b41b697c938b018e2ac67ac5a20c0,0x2260fac5e5542a773aa44fbcfedf7c193bc2c599,0xc02aaa39b223fe8d0a0e5c4f27ead9083c756cc2,8,18,0x51c72848c68a965f66fa7a88855f9f7784502a7f,0x51c72848c68a965f66fa7a88855f9f7784502a7f,zero_for_one,9871766,0,0,3190351023380582941,9871766,-3190351023380582941,45051109071721132686830833558364036,45051109071721132686830833558364036,270209859289821129,265032,265032
1773911159,24690524,0x52b33ed58b99a6c435c58e73d5295b2a6cad7635321bbbf31bacd163fab196e1,84,0x4585fe77225b41b697c938b018e2ac67ac5a20c0,0x2260fac5e5542a773aa44fbcfedf7c193bc2c599,0xc02aaa39b223fe8d0a0e5c4f27ead9083c756cc2,8,18,0x51c72848c68a965f66fa7a88855f9f7784502a7f,0x51c72848c68a965f66fa7a88855f9f7784502a7f,zero_for_one,11281959,0,0,3645934109066725991,11281959,-3645934109066725991,45050040048329948383081886971894255,45050040048329948383081886971894255,270209859289821129,265032,265032
1773911195,24690527,0xc2744131e84cd43c0dea974be3308a7af9a645e2b620ebc2d63a5b2a94bcf005,6,0x4585fe77225b41b697c938b018e2ac67ac5a20c0,0x2260fac5e5542a773aa44fbcfedf7c193bc2c599,0xc02aaa39b223fe8d0a0e5c4f27ead9083c756cc2,8,18,0xbdb3ba9ffe392549e1f8658dd2630c141fdf47b6,0xbdb3ba9ffe392549e1f8658dd2630c141fdf47b6,zero_for_one,30493722,0,0,9853637360439656118,30493722,-9853637360439656118,45047150865884121365208863395835352,45047150865884121365208863395835352,270209859289821129,265031,265031
1773911255,24690532,0x4249d041ab658862d8f81239958362e3b08d34b609645aee5cca9caeeffb89d0,36,0x4585fe77225b41b697c938b018e2ac67ac5a20c0,0x2260fac5e5542a773aa44fbcfedf7c193bc2c599,0xc02aaa39b223fe8d0a0e5c4f27ead9083c756cc2,8,18,0x51c72848c68a965f66fa7a88855f9f7784502a7f,0x51c72848c68a965f66fa7a88855f9f7784502a7f,zero_for_one,37059211,0,0,11973485455301578518,37059211,-11973485455301578518,45043639730867464787661512204437692,45043639730867464787661512204437692,270122477145265045,265029,265029
1773911267,24690533,0x9719e03118e6e9f8e409cc39f4899045d0adec91ecc395806aa6189e613eb716,5,0x4585fe77225b41b697c938b018e2ac67ac5a20c0,0x2260fac5e5542a773aa44fbcfedf7c193bc2c599,0xc02aaa39b223fe8d0a0e5c4f27ead9083c756cc2,8,18,0x51c72848c68a965f66fa7a88855f9f7784502a7f,0x51c72848c68a965f66fa7a88855f9f7784502a7f,zero_for_one,41575870,0,0,13430554582565223283,41575870,-13430554582565223283,45039700487556912956815487436169092,45039700487556912956815487436169092,270122477145265045,265027,265027
1773911279,24690534,0xa4474fe01055cd0c0d18077b089fd0995032813c483c3f02fe628b6319be38f3,22,0x4585fe77225b41b697c938b018e2ac67ac5a20c0,0x2260fac5e5542a773aa44fbcfedf7c193bc2c599,0xc02aaa39b223fe8d0a0e5c4f27ead9083c756cc2,8,18,0xbdb3ba9ffe392549e1f8658dd2630c141fdf47b6,0xbdb3ba9ffe392549e1f8658dd2630c141fdf47b6,zero_for_one,45503850,0,0,14696746183871172977,45503850,-14696746183871172977,45035389864437384637595354250185390,45035389864437384637595354250185390,270122477145265045,265025,265025
1773911495,24690552,0x8b27bce038fadde544a4b2bc7ee2eab0cfed1f49a03267f1ec427c1ba61f3671,108,0x4585fe77225b41b697c938b018e2ac67ac5a20c0,0x2260fac5e5542a773aa44fbcfedf7c193bc2c599,0xc02aaa39b223fe8d0a0e5c4f27ead9083c756cc2,8,18,0x6747bcaf9bd5a5f0758cbe08903490e45ddfacb5,0x5e1f62dac767b0491e3ce72469c217365d5b48cc,zero_for_one,675128,0,0,218030227140439966,675128,-218030227140439966,45035325915170920539712377797786577,45035325915170920539712377797786577,270122477145265045,265025,265025
1773911495,24690552,0x0dc8d7995eaa6e0d7363dc0c50a3541ed056341c268fe06f136a3dc018090936,139,0x4585fe77225b41b697c938b018e2ac67ac5a20c0,0x2260fac5e5542a773aa44fbcfedf7c193bc2c599,0xc02aaa39b223fe8d0a0e5c4f27ead9083c756cc2,8,18,0x0906a879ea0f66e3559f11b25b866dba247f9e63,0x0906a879ea0f66e3559f11b25b866dba247f9e63,zero_for_one,12730,0,0,4110900527010688,12730,-4110900527010688,45035324709424925330194849015443225,45035324709424925330194849015443225,270122477145265045,265025,265025
1773911615,24690562,0xfd480d2a19c6f0fc1ed97b4e9625c37fe5ff0d9c24452e43ecf061e0632166a3,49,0x4585fe77225b41b697c938b018e2ac67ac5a20c0,0x2260fac5e5542a773aa44fbcfedf7c193bc2c599,0xc02aaa39b223fe8d0a0e5c4f27ead9083c756cc2,8,18,0x51c72848c68a965f66fa7a88855f9f7784502a7f,0x51c72848c68a965f66fa7a88855f9f7784502a7f,one_for_zero,0,9011953889795369984,27875897,0,-27875897,9011953889795369984,45037966635245464540125849286541471,45037966635245464540125849286541471,270122477145265045,265026,265026
1773911651,24690565,0x43a79239dba3a6dfaf9e6e51fbe9c4b105f420b60df631ba8d6b1a413dea4c74,22,0x4585fe77225b41b697c938b018e2ac67ac5a20c0,0x2260fac5e5542a773aa44fbcfedf7c193bc2c599,0xc02aaa39b223fe8d0a0e5c4f27ead9083c756cc2,8,18,0xf48a3f7c0575c85cf4529aa220caf3c055773f1c,0xf48a3f7c0575c85cf4529aa220caf3c055773f1c,one_for_zero,0,359183638023181514,1110963,0,-1110963,359183638023181514,45038071932780184860296132726693350,45038071932780184860296132726693350,270122477145265045,265026,265026
1773911951,24690590,0x4d0e05c5035f2bba37d845c5fd9b6b7f4ca867f67e0669c8ae64737ad8a8aadf,251,0x4585fe77225b41b697c938b018e2ac67ac5a20c0,0x2260fac5e5542a773aa44fbcfedf7c193bc2c599,0xc02aaa39b223fe8d0a0e5c4f27ead9083c756cc2,8,18,0xbdb3ba9ffe392549e1f8658dd2630c141fdf47b6,0xbdb3ba9ffe392549e1f8658dd2630c141fdf47b6,zero_for_one,7178852,0,0,2318630897251857856,7178852,-2318630897251857856,45037391867694600460571061122432328,45037391867694600460571061122432328,270122477145265045,265026,265026
1773912023,24690596,0x7e27ebe11b8ebde5e18596b7ac4ee0c8c36928bbea6ac4425cb9320ff8271744,26,0x4585fe77225b41b697c938b018e2ac67ac5a20c0,0x2260fac5e5542a773aa44fbcfedf7c193bc2c599,0xc02aaa39b223fe8d0a0e5c4f27ead9083c756cc2,8,18,0x51c72848c68a965f66fa7a88855f9f7784502a7f,0x51c72848c68a965f66fa7a88855f9f7784502a7f,zero_for_one,24278695,0,0,7841032354233418355,24278695,-7841032354233418355,45035092056911706122429285046227270,45035092056911706122429285046227270,270122477145265045,265025,265025
1773912023,24690596,0x4d72933c3c8cc02c79826200205391a08b0f6c86709c7bcfe191177160e14ae4,50,0x4585fe77225b41b697c938b018e2ac67ac5a20c0,0x2260fac5e5542a773aa44fbcfedf7c193bc2c599,0xc02aaa39b223fe8d0a0e5c4f27ead9083c756cc2,8,18,0xaf682de1f2e6f710731121a05a44cb3c1b511f7d,0xaf682de1f2e6f710731121a05a44cb3c1b511f7d,zero_for_one,116523,0,0,37630027679449240,116523,-37630027679449240,45035081019851851231602296303225476,45035081019851851231602296303225476,270122477145265045,265025,265025
1773912047,24690598,0x9aca1f8331d4e663a41ae44a5e039716a8aab507fd8ae2bc5dc39e5191f41c3b,14,0x4585fe77225b41b697c938b018e2ac67ac5a20c0,0x2260fac5e5542a773aa44fbcfedf7c193bc2c599,0xc02aaa39b223fe8d0a0e5c4f27ead9083c756cc2,8,18,0x51c72848c68a965f66fa7a88855f9f7784502a7f,0x51c72848c68a965f66fa7a88855f9f7784502a7f,zero_for_one,73691094,0,0,23794315853884261667,73691094,-23794315853884261667,45028102037786713880777496454999700,45028102037786713880777496454999700,270122477145265045,265022,265022
1773912059,24690599,0x4b0481f3feec2b6544d9f283c8637e9942415a1cd1aab02bf5f55cd4a5f0db82,5,0x4585fe77225b41b697c938b018e2ac67ac5a20c0,0x2260fac5e5542a773aa44fbcfedf7c193bc2c599,0xc02aaa39b223fe8d0a0e5c4f27ead9083c756cc2,8,18,0xbdb3ba9ffe392549e1f8658dd2630c141fdf47b6,0xbdb3ba9ffe392549e1f8658dd2630c141fdf47b6,zero_for_one,29850921,0,0,9636545571874428437,29850921,-9636545571874428437,45025275594734979247794686643616933,45025275594734979247794686643616933,270122477145265045,265021,265021
1773912095,24690602,0xf5fb7edd99a51005058088897266ac9ed55a6d8e8950b026cdc879e1c8eb89c9,18,0x4585fe77225b41b697c938b018e2ac67ac5a20c0,0x2260fac5e5542a773aa44fbcfedf7c193bc2c599,0xc02aaa39b223fe8d0a0e5c4f27ead9083c756cc2,8,18,0x7cda585e917fecb3a33c6d5a8f8a15dd956694dc,0x01989c93890aed05a63d179b03424997075b6acf,zero_for_one,64207103,0,0,20723391346968985819,64207103,-20723391346968985819,45019199128221877383563175466851490,45019199128221877383563175466851490,270277336249851432,265018,265018
1773912107,24690603,0x2676cbbe51a845cd9fe1b97877643422d075519b70938d403629e5b647d5fa68,69,0x4585fe77225b41b697c938b018e2ac67ac5a20c0,0x2260fac5e5542a773aa44fbcfedf7c193bc2c599,0xc02aaa39b223fe8d0a0e5c4f27ead9083c756cc2,8,18,0x51c72848c68a965f66fa7a88855f9f7784502a7f,0x51c72848c68a965f66fa7a88855f9f7784502a7f,zero_for_one,66147153,0,0,21343712067568814744,66147153,-21343712067568814744,45012942506368893820710988265915761,45012942506368893820710988265915761,270277336249851432,265015,265015
1773912119,24690604,0x3bd2e827bebdb558ffdeb742e80a060949bbe370bcf94817cc59841c4da642ac,99,0x4585fe77225b41b697c938b018e2ac67ac5a20c0,0x2260fac5e5542a773aa44fbcfedf7c193bc2c599,0xc02aaa39b223fe8d0a0e5c4f27ead9083c756cc2,8,18,0x66a9893cc07d91d95644aedd05d03f95e1dba8af,0x66a9893cc07d91d95644aedd05d03f95e1dba8af,zero_for_one,4754147,0,0,1533792543303757473,4754147,-1533792543303757473,45012492895733499290044507593983603,45012492895733499290044507593983603,270277336249851432,265015,265015
1773912119,24690604,0xaaf99f58a43c34d59d4a0cdfca6002339818c09edbab8f1bc357ec7567168450,110,0x4585fe77225b41b697c938b018e2ac67ac5a20c0,0x2260fac5e5542a773aa44fbcfedf7c193bc2c599,0xc02aaa39b223fe8d0a0e5c4f27ead9083c756cc2,8,18,0x0000000000007a8d56014359bf3e98f18b7773f9,0x0000000000007a8d56014359bf3e98f18b7773f9,zero_for_one,2876024,0,0,927853677719322624,2876024,-927853677719322624,45012220907919101682560960376767470,45012220907919101682560960376767470,270277336249851432,265015,265015
1773912131,24690605,0xc8fcbb4aa94a324c0f3b5cd548d726deb5d12cb2fdccfada3289dfcc6430665c,367,0x4585fe77225b41b697c938b018e2ac67ac5a20c0,0x2260fac5e5542a773aa44fbcfedf7c193bc2c599,0xc02aaa39b223fe8d0a0e5c4f27ead9083c756cc2,8,18,0xaf682de1f2e6f710731121a05a44cb3c1b511f7d,0xaf682de1f2e6f710731121a05a44cb3c1b511f7d,zero_for_one,289,0,0,92959590777929,289,-92959590777929,45012220880669249114068425654241629,45012220880669249114068425654241629,270277336249851432,265015,265015
1773912131,24690605,0x1e6208ec4eefc7b768ca3b09c58d1eb0f4c3134cfa60c5f1feecb48b5fa249b0,575,0x4585fe77225b41b697c938b018e2ac67ac5a20c0,0x2260fac5e5542a773aa44fbcfedf7c193bc2c599,0xc02aaa39b223fe8d0a0e5c4f27ead9083c756cc2,8,18,0xaf682de1f2e6f710731121a05a44cb3c1b511f7d,0xaf682de1f2e6f710731121a05a44cb3c1b511f7d,zero_for_one,603434,0,0,194676502740051646,603434,-194676502740051646,45012163813873302378757458737633387,45012163813873302378757458737633387,270277336249851432,265015,265015
1773912131,24690605,0xb395c08273906e0e4a6c01f3afeebe84dc06e24f2ea83e8a9698798b18b1478e,584,0x4585fe77225b41b697c938b018e2ac67ac5a20c0,0x2260fac5e5542a773aa44fbcfedf7c193bc2c599,0xc02aaa39b223fe8d0a0e5c4f27ead9083c756cc2,8,18,0xbc1d9760bd6ca468ca9fb5ff2cfbeac35d86c973,0xbc1d9760bd6ca468ca9fb5ff2cfbeac35d86c973,zero_for_one,9957411,0,0,3212334392258966006,9957411,-3212334392258966006,45011222161292248447260887458952641,45011222161292248447260887458952641,270277336249851432,265015,265015
1773912143,24690606,0xb62760598f321e7025370646e60b2cf05572bf9761b5be3f6e00578e54445198,14,0x4585fe77225b41b697c938b018e2ac67ac5a20c0,0x2260fac5e5542a773aa44fbcfedf7c193bc2c599,0xc02aaa39b223fe8d0a0e5c4f27ead9083c756cc2,8,18,0xbdb3ba9ffe392549e1f8658dd2630c141fdf47b6,0xbdb3ba9ffe392549e1f8658dd2630c141fdf47b6,zero_for_one,166077715,0,0,53558091197452919817,166077715,-53558091197452919817,44995521107669700657894055220637513,44995521107669700657894055220637513,270200855381916155,265008,265008
1773912155,24690607,0x0c4e6832d5cec56ac7fe51cada7b53c12199460232cec15cc590b97c9115e6fd,35,0x4585fe77225b41b697c938b018e2ac67ac5a20c0,0x2260fac5e5542a773aa44fbcfedf7c193bc2c599,0xc02aaa39b223fe8d0a0e5c4f27ead9083c756cc2,8,18,0x51c72848c68a965f66fa7a88855f9f7784502a7f,0x51c72848c68a965f66fa7a88855f9f7784502a7f,zero_for_one,23896029,0,0,7703110362539074407,23896029,-7703110362539074407,44993262405420938622746805992754813,44993262405420938622746805992754813,270200855381916155,265007,265007
1773912167,24690608,0xdffc8262a76e4bf2d03e08d3cd99c4ed6769d1e8ec6706b99045ee65e8b8f557,8,0x4585fe77225b41b697c938b018e2ac67ac5a20c0,0x2260fac5e5542a773aa44fbcfedf7c193bc2c599,0xc02aaa39b223fe8d0a0e5c4f27ead9083c756cc2,8,18,0xbdb3ba9ffe392549e1f8658dd2630c141fdf47b6,0xbdb3ba9ffe392549e1f8658dd2630c141fdf47b6,zero_for_one,599546149,0,0,193016565668650092318,599546149,-193016565668650092318,44936667065208658125996844529516812,44936667065208658125996844529516812,270213966019370379,264981,264981
1773912179,24690609,0x647e41f1e2345c775cda4aed31708e8af996c107da8554148abfdfb8a44cf481,155,0x4585fe77225b41b697c938b018e2ac67ac5a20c0,0x2260fac5e5542a773aa44fbcfedf7c193bc2c599,0xc02aaa39b223fe8d0a0e5c4f27ead9083c756cc2,8,18,0x50d3865a63d52c0a54e4679949647ea752107390,0xe8f7c89c5efa061e340f2d2f206ec78fd8f7e124,one_for_zero,0,11273946699299397632,35025496,0,-35025496,11273946699299397632,44939970993156500073343011434443694,44939970993156500073343011434443694,270213966019370379,264983,264983
1773912179,24690609,0x647e41f1e2345c775cda4aed31708e8af996c107da8554148abfdfb8a44cf481,322,0x4585fe77225b41b697c938b018e2ac67ac5a20c0,0x2260fac5e5542a773aa44fbcfedf7c193bc2c599,0xc02aaa39b223fe8d0a0e5c4f27ead9083c756cc2,8,18,0x50d3865a63d52c0a54e4679949647ea752107390,0x50d3865a63d52c0a54e4679949647ea752107390,one_for_zero,0,1455887518853738240,4522724,0,-4522724,1455887518853738240,44940397653632263548005012146994486,44940397653632263548005012146994486,270213966019370379,264983,264983
1773912179,24690609,0x647e41f1e2345c775cda4aed31708e8af996c107da8554148abfdfb8a44cf481,362,0x4585fe77225b41b697c938b018e2ac67ac5a20c0,0x2260fac5e5542a773aa44fbcfedf7c193bc2c599,0xc02aaa39b223fe8d0a0e5c4f27ead9083c756cc2,8,18,0x50d3865a63d52c0a54e4679949647ea752107390,0x50d3865a63d52c0a54e4679949647ea752107390,one_for_zero,0,511622429369963648,1589338,0,-1589338,511622429369963648,44940547589026515789834162778886696,44940547589026515789834162778886696,270213966019370379,264983,264983
1773912179,24690609,0x647e41f1e2345c775cda4aed31708e8af996c107da8554148abfdfb8a44cf481,381,0x4585fe77225b41b697c938b018e2ac67ac5a20c0,0x2260fac5e5542a773aa44fbcfedf7c193bc2c599,0xc02aaa39b223fe8d0a0e5c4f27ead9083c756cc2,8,18,0x50d3865a63d52c0a54e4679949647ea752107390,0x50d3865a63d52c0a54e4679949647ea752107390,one_for_zero,0,438163231574429696,1361131,0,-1361131,438163231574429696,44940675996565164652177851236737125,44940675996565164652177851236737125,270213966019370379,264983,264983
1773912191,24690610,0xa8f409b4b4f0973cd1e4dcd1587badadeffad8edebd4f49bb958556b174de6c1,91,0x4585fe77225b41b697c938b018e2ac67ac5a20c0,0x2260fac5e5542a773aa44fbcfedf7c193bc2c599,0xc02aaa39b223fe8d0a0e5c4f27ead9083c756cc2,8,18,0xf154940c312931efc88dd33dd37225a63ba3b472,0xf154940c312931efc88dd33dd37225a63ba3b472,one_for_zero,0,419214012123646011,1302259,0,-1302259,419214012123646011,44940798850870557841504636960904993,44940798850870557841504636960904993,270213966019370379,264983,264983
1773912191,24690610,0xe3ac18fb42d7d1c3ab7012d1d3fc4e37a2106b582e7adabcd2e685358ffd9110,104,0x4585fe77225b41b697c938b018e2ac67ac5a20c0,0x2260fac5e5542a773aa44fbcfedf7c193bc2c599,0xc02aaa39b223fe8d0a0e5c4f27ead9083c756cc2,8,18,0x4b08528d3c0bc46fab2701acef64cd53d6b3f9cd,0x7486ff76f69872d27b22dada4078bd55b36a5324,one_for_zero,0,1831334817510523879,5688830,0,-5688830,1831334817510523879,44941335539436400099529250220064007,44941335539436400099529250220064007,270213966019370379,264983,264983
1773912191,24690610,0x762daa727cd243b789d147be0afb15fce0f3a9cad4a81040099605e88f0c91c8,331,0x4585fe77225b41b697c938b018e2ac67ac5a20c0,0x2260fac5e5542a773aa44fbcfedf7c193bc2c599,0xc02aaa39b223fe8d0a0e5c4f27ead9083c756cc2,8,18,0x0a8accba63f42e743a31f33c44b87be0c83fe230,0x0a8accba63f42e743a31f33c44b87be0c83fe230,one_for_zero,0,324468125897182474,1007908,0,-1007908,324468125897182474,44941430627637358351329232354165999,44941430627637358351329232354165999,270213966019370379,264984,264984
1773912191,24690610,0x762daa727cd243b789d147be0afb15fce0f3a9cad4a81040099605e88f0c91c8,339,0x4585fe77225b41b697c938b018e2ac67ac5a20c0,0x2260fac5e5542a773aa44fbcfedf7c193bc2c599,0xc02aaa39b223fe8d0a0e5c4f27ead9083c756cc2,8,18,0x0a8accba63f42e743a31f33c44b87be0c83fe230,0x0a8accba63f42e743a31f33c44b87be0c83fe230,one_for_zero,0,231817977143641809,720103,0,-720103,231817977143641809,44941498563907940920275429577688190,44941498563907940920275429577688190,270213966019370379,264984,264984
1773912191,24690610,0x9ec6604b665f6184f1b12c3e3527f08d97718d6a5a8b00104166f0893cfde7db,764,0x4585fe77225b41b697c938b018e2ac67ac5a20c0,0x2260fac5e5542a773aa44fbcfedf7c193bc2c599,0xc02aaa39b223fe8d0a0e5c4f27ead9083c756cc2,8,18,0xdf31b012c035ff60be20ded74cf82c20729907ee,0x9b5699d18dff51fc65fb8ad6f70d93287c36349f,one_for_zero,0,251251341893761667,780467,0,-780467,251251341893761667,44941572195294761932813959473859935,44941572195294761932813959473859935,270213966019370379,264984,264984
1773912203,24690611,0xa49a94349fcf072585c6e88b8b4e53de131e9b22fa828128a8abee1e70c5b0aa,179,0x4585fe77225b41b697c938b018e2ac67ac5a20c0,0x2260fac5e5542a773aa44fbcfedf7c193bc2c599,0xc02aaa39b223fe8d0a0e5c4f27ead9083c756cc2,8,18,0x81463b0f960f247f704377661ec81c1fd65b5128,0x81463b0f960f247f704377661ec81c1fd65b5128,one_for_zero,0,253405527866033005,787156,0,-787156,253405527866033005,44941646457984482317640737587471585,44941646457984482317640737587471585,270213966019370379,264984,264984
1773912203,24690611,0xe60a1c943385b00dc931c01c5df739248d15ff7fe54fb254cf591475f3e813b2,547,0x4585fe77225b41b697c938b018e2ac67ac5a20c0,0x2260fac5e5542a773aa44fbcfedf7c193bc2c599,0xc02aaa39b223fe8d0a0e5c4f27ead9083c756cc2,8,18,0x6745024462abf2c049f54b381c4ad4a8c8d999c4,0x4ab6702b3ed3877e9b1f203f90cbef13d663b0e8,one_for_zero,0,69775110013144297,216742,0,-216742,69775110013144297,44941666906186179998188103119889695,44941666906186179998188103119889695,270213966019370379,264984,264984
1773912203,24690611,0x49138bbe684318848bc4c3093fba206d5f629445b426fee798182290deed8a93,580,0x4585fe77225b41b697c938b018e2ac67ac5a20c0,0x2260fac5e5542a773aa44fbcfedf7c193bc2c599,0xc02aaa39b223fe8d0a0e5c4f27ead9083c756cc2,8,18,0x85233822c6696939cc9172d897537046bfac4371,0x85233822c6696939cc9172d897537046bfac4371,one_for_zero,0,105975871380026421,329192,0,-329192,105975871380026421,44941697963335250175321651594326236,44941697963335250175321651594326236,270213966019370379,264984,264984
1773912203,24690611,0xdaa64d49f3d7ea4f599e47d6d75cc8f198f8897e81bda4a211147cfe8e5a0ce3,954,0x4585fe77225b41b697c938b018e2ac67ac5a20c0,0x2260fac5e5542a773aa44fbcfedf7c193bc2c599,0xc02aaa39b223fe8d0a0e5c4f27ead9083c756cc2,8,18,0xf48a3f7c0575c85cf4529aa220caf3c055773f1c,0xf48a3f7c0575c85cf4529aa220caf3c055773f1c,zero_for_one,2081070,0,0,669279125110180722,2081070,-669279125110180722,44941501727159626917999100929082512,44941501727159626917999100929082512,270213966019370379,264984,264984
1773912215,24690612,0x0f890ad9ae32769fc091a989602bd5472f2937d1117d53fd5c31e317ad6c400a,373,0x4585fe77225b41b697c938b018e2ac67ac5a20c0,0x2260fac5e5542a773aa44fbcfedf7c193bc2c599,0xc02aaa39b223fe8d0a0e5c4f27ead9083c756cc2,8,18,0x0000000000007a8d56014359bf3e98f18b7773f9,0x0000000000007a8d56014359bf3e98f18b7773f9,one_for_zero,0,106317809423745024,330257,0,-330257,106317809423745024,44941532884516609124954555610676381,44941532884516609124954555610676381,270213966019370379,264984,264984
1773912215,24690612,0x03436f4f9378f49b45d03406a657c5deefca28962028cd8fe313febaa1caac6b,1320,0x4585fe77225b41b697c938b018e2ac67ac5a20c0,0x2260fac5e5542a773aa44fbcfedf7c193bc2c599,0xc02aaa39b223fe8d0a0e5c4f27ead9083c756cc2,8,18,0x9a91a09fc5af4519e0752725d8087da0d2a62981,0x9a91a09fc5af4519e0752725d8087da0d2a62981,one_for_zero,0,45920382699166584,142643,0,-142643,45920382699166584,44941546341883387770677222451469995,44941546341883387770677222451469995,270213966019370379,264984,264984
1773912287,24690618,0xc253e07ea8abf8d5293344dcba648a6ef0f9a3ba715249a192fb9fa886ec10c2,197,0x4585fe77225b41b697c938b018e2ac67ac5a20c0,0x2260fac5e5542a773aa44fbcfedf7c193bc2c599,0xc02aaa39b223fe8d0a0e5c4f27ead9083c756cc2,8,18,0x63242a4ea82847b20e506b63b0e2e2eff0cc6cb0,0x63242a4ea82847b20e506b63b0e2e2eff0cc6cb0,one_for_zero,0,458613756522446385,1424596,0,-1424596,458613756522446385,44941680742625900900906519302180233,44941680742625900900906519302180233,270213966019370379,264984,264984
1773912311,24690620,0x2d9fbc4a9303dcb14fe9825473302e47a20fd267cb5c96b17b5aba3c0b2908fd,5,0x4585fe77225b41b697c938b018e2ac67ac5a20c0,0x2260fac5e5542a773aa44fbcfedf7c193bc2c599,0xc02aaa39b223fe8d0a0e5c4f27ead9083c756cc2,8,18,0xbdb3ba9ffe392549e1f8658dd2630c141fdf47b6,0xbdb3ba9ffe392549e1f8658dd2630c141fdf47b6,one_for_zero,0,19875338003387632248,61730754,0,-61730754,19875338003387632248,44947505382962924875284142710531516,44947505382962924875284142710531516,270213966019370379,264986,264986
1773912359,24690624,0x5fb05beb30f96011ba25cc772347f8fc7623df70c915400461f957740aba5a99,9,0x4585fe77225b41b697c938b018e2ac67ac5a20c0,0x2260fac5e5542a773aa44fbcfedf7c193bc2c599,0xc02aaa39b223fe8d0a0e5c4f27ead9083c756cc2,8,18,0xbdb3ba9ffe392549e1f8658dd2630c141fdf47b6,0xbdb3ba9ffe392549e1f8658dd2630c141fdf47b6,zero_for_one,89528115,0,0,28794707374162117873,89528115,-28794707374162117873,44939062622623782143721868023927424,44939062622623782143721868023927424,270213966019370379,264982,264982
1773912383,24690626,0xf59e6466c971675594f2e4b19bcaea3625d54467b8704ea2b0105c6687381cc1,741,0x4585fe77225b41b697c938b018e2ac67ac5a20c0,0x2260fac5e5542a773aa44fbcfedf7c193bc2c599,0xc02aaa39b223fe8d0a0e5c4f27ead9083c756cc2,8,18,0xdf31b012c035ff60be20ded74cf82c20729907ee,0x76a278bd71f566ee6ba2fe438f6099c8d8f98f43,one_for_zero,0,82293848281333723,255659,0,-255659,82293848281333723,44939086739550402797327338821203350,44939086739550402797327338821203350,270213966019370379,264982,264982
1773912407,24690628,0x530a2894bf1b428bf6e81cee66d374aa6db1e6575e61d8cfef175c2a39ed84d1,35,0x4585fe77225b41b697c938b018e2ac67ac5a20c0,0x2260fac5e5542a773aa44fbcfedf7c193bc2c599,0xc02aaa39b223fe8d0a0e5c4f27ead9083c756cc2,8,18,0x51c72848c68a965f66fa7a88855f9f7784502a7f,0x51c72848c68a965f66fa7a88855f9f7784502a7f,one_for_zero,0,22263729883444891648,69155759,0,-69155759,22263729883444891648,44945611318861185653357456024661297,44945611318861185653357456024661297,270213966019370379,264985,264985
1773912419,24690629,0x6a6fae16a72c489526f5548b3c139d096e444cd7fa2b9c461c61f4c9c9a31151,68,0x4585fe77225b41b697c938b018e2ac67ac5a20c0,0x2260fac5e5542a773aa44fbcfedf7c193bc2c599,0xc02aaa39b223fe8d0a0e5c4f27ead9083c756cc2,8,18,0x51c72848c68a965f66fa7a88855f9f7784502a7f,0x51c72848c68a965f66fa7a88855f9f7784502a7f,one_for_zero,0,8033976017748475904,24950265,0,-24950265,8033976017748475904,44947965745275050166222706981231421,44947965745275050166222706981231421,270213966019370379,264986,264986
1773912431,24690630,0xc31f746da86c4a30279973bb7b62475f3851d58abf17c33fa0f9f615c3b9eba6,198,0x4585fe77225b41b697c938b018e2ac67ac5a20c0,0x2260fac5e5542a773aa44fbcfedf7c193bc2c599,0xc02aaa39b223fe8d0a0e5c4f27ead9083c756cc2,8,18,0x990636ecb3ff04d33d92e970d3d588bf5cd8d086,0x990636ecb3ff04d33d92e970d3d588bf5cd8d086,one_for_zero,0,1454085249288826470,4515518,0,-4515518,1454085249288826470,44948391877580072384233134072344950,44948391877580072384233134072344950,270213966019370379,264987,264987
1773912539,24690639,0x0f1a20259cbb0fc133f17a4c81368af168783490d95b5390f27425f6bbf82336,116,0x4585fe77225b41b697c938b018e2ac67ac5a20c0,0x2260fac5e5542a773aa44fbcfedf7c193bc2c599,0xc02aaa39b223fe8d0a0e5c4f27ead9083c756cc2,8,18,0xbdb3ba9ffe392549e1f8658dd2630c141fdf47b6,0xbdb3ba9ffe392549e1f8658dd2630c141fdf47b6,one_for_zero,0,3416612949443732042,10609618,0,-10609618,3416612949443732042,44949393145664063533791327565835265,44949393145664063533791327565835265,270213966019370379,264987,264987
1773912611,24690645,0x607437b952c697f0ae670064dcf4f9f3df5badc87769e9ab56fa6c36c1cae245,15,0x4585fe77225b41b697c938b018e2ac67ac5a20c0,0x2260fac5e5542a773aa44fbcfedf7c193bc2c599,0xc02aaa39b223fe8d0a0e5c4f27ead9083c756cc2,8,18,0xbdb3ba9ffe392549e1f8658dd2630c141fdf47b6,0xbdb3ba9ffe392549e1f8658dd2630c141fdf47b6,one_for_zero,0,18047651214288761789,56035582,0,-56035582,18047651214288761789,44954682166521639328289714105096045,44954682166521639328289714105096045,270213966019370379,264989,264989
1773912623,24690646,0x1f3e168a85fae23e6d0ba72d879114241a2fd9c4e8d1d97bdb771a36bcc2e060,847,0x4585fe77225b41b697c938b018e2ac67ac5a20c0,0x2260fac5e5542a773aa44fbcfedf7c193bc2c599,0xc02aaa39b223fe8d0a0e5c4f27ead9083c756cc2,8,18,0xbdb3ba9ffe392549e1f8658dd2630c141fdf47b6,0xbdb3ba9ffe392549e1f8658dd2630c141fdf47b6,one_for_zero,0,1924632279581347938,5974951,0,-5974951,1924632279581347938,44955246215547249240348575199224322,44955246215547249240348575199224322,270200855381916155,264990,264990
1773912731,24690655,0xf3839a4237ef1eb8df78238c01acab0aa9d4e299b1ebc2316a0627785cdff093,9,0x4585fe77225b41b697c938b018e2ac67ac5a20c0,0x2260fac5e5542a773aa44fbcfedf7c193bc2c599,0xc02aaa39b223fe8d0a0e5c4f27ead9083c756cc2,8,18,0xbdb3ba9ffe392549e1f8658dd2630c141fdf47b6,0xbdb3ba9ffe392549e1f8658dd2630c141fdf47b6,zero_for_one,82455900,0,0,26529616281567015867,82455900,-26529616281567015867,44947467573055474967839469707093750,44947467573055474967839469707093750,270213966019370379,264986,264986
1773912767,24690658,0xb2f281af4cbf4c141883a2f49b39d3835e38eb445ed96f2ec5f61595f034a131,205,0x4585fe77225b41b697c938b018e2ac67ac5a20c0,0x2260fac5e5542a773aa44fbcfedf7c193bc2c599,0xc02aaa39b223fe8d0a0e5c4f27ead9083c756cc2,8,18,0x278d858f05b94576c1e6f73285886876ff6ef8d2,0x278d858f05b94576c1e6f73285886876ff6ef8d2,zero_for_one,4121262,0,0,1325746582936846184,4121262,-1325746582936846184,44947078857152766513831695212203226,44947078857152766513831695212203226,270213966019370379,264986,264986
1773912779,24690659,0x0c6d373a3d98b3a7ad0187164dc9c9f05aa4cf72a68d75637206af072e3e235d,48,0x4585fe77225b41b697c938b018e2ac67ac5a20c0,0x2260fac5e5542a773aa44fbcfedf7c193bc2c599,0xc02aaa39b223fe8d0a0e5c4f27ead9083c756cc2,8,18,0x51c72848c68a965f66fa7a88855f9f7784502a7f,0x51c72848c68a965f66fa7a88855f9f7784502a7f,zero_for_one,37858853,0,0,12177538724000334171,37858853,-12177538724000334171,44943508338458778345400446240179114,44943508338458778345400446240179114,270213966019370379,264984,264984
1773912815,24690662,0x47f811224e910700cac9de8a76a245080c38cf9b8a316578cbba26c94f152786,2,0x4585fe77225b41b697c938b018e2ac67ac5a20c0,0x2260fac5e5542a773aa44fbcfedf7c193bc2c599,0xc02aaa39b223fe8d0a0e5c4f27ead9083c756cc2,8,18,0xbdb3ba9ffe392549e1f8658dd2630c141fdf47b6,0xbdb3ba9ffe392549e1f8658dd2630c141fdf47b6,zero_for_one,129204212,0,0,41544785139168463762,129204212,-41544785139168463762,44931326871631981851608237851569448,44931326871631981851608237851569448,270133374757366690,264979,264979
1773912839,24690664,0x598c2c7f491d9daaa8d79387949a8714657b197adc243f2fad60e09092fb613b,601,0x4585fe77225b41b697c938b018e2ac67ac5a20c0,0x2260fac5e5542a773aa44fbcfedf7c193bc2c599,0xc02aaa39b223fe8d0a0e5c4f27ead9083c756cc2,8,18,0x00000000009e50a7ddb7a7b0e2ee6604fd120e49,0xbbc43895c8e9d58c537e437611303a5681613662,one_for_zero,0,94999999368134656,295234,0,-295234,94999999368134656,44931354720512401963529253730647296,44931354720512401963529253730647296,270133374757366690,264979,264979
1773912863,24690666,0x1d11e6cf109d36d26b8b897eaae2a27c83d44bfb2c9ce8ebb57852e99003bc8f,22,0x4585fe77225b41b697c938b018e2ac67ac5a20c0,0x2260fac5e5542a773aa44fbcfedf7c193bc2c599,0xc02aaa39b223fe8d0a0e5c4f27ead9083c756cc2,8,18,0x06cff7088619c7178f5e14f0b119458d08d2f5ef,0x06cff7088619c7178f5e14f0b119458d08d2f5ef,one_for_zero,0,250000000000000000,776930,0,-776930,250000000000000000,44931428007040310755081578963569851,44931428007040310755081578963569851,270133374757366690,264979,264979
1773912887,24690668,0xe3d26be0b1399765f2da050b50250d122ff48d2af65cee2fe4dfa3470855e240,188,0x4585fe77225b41b697c938b018e2ac67ac5a20c0,0x2260fac5e5542a773aa44fbcfedf7c193bc2c599,0xc02aaa39b223fe8d0a0e5c4f27ead9083c756cc2,8,18,0x278d858f05b94576c1e6f73285886876ff6ef8d2,0x278d858f05b94576c1e6f73285886876ff6ef8d2,one_for_zero,0,1330109795578820000,4133569,0,-4133569,1330109795578820000,44931817923554932531955359819818906,44931817923554932531955359819818906,270133374757366690,264979,264979
1773912899,24690669,0x512964f61d69923ab427174315ce680ae0fb9f63ef2726166599e90d57e8a230,32,0x4585fe77225b41b697c938b018e2ac67ac5a20c0,0x2260fac5e5542a773aa44fbcfedf7c193bc2c599,0xc02aaa39b223fe8d0a0e5c4f27ead9083c756cc2,8,18,0xbdb3ba9ffe392549e1f8658dd2630c141fdf47b6,0xbdb3ba9ffe392549e1f8658dd2630c141fdf47b6,one_for_zero,0,19188466795358266220,59623834,0,-59623834,19188466795358266220,44937441440187496636107995667816733,44937441440187496636107995667816733,270213966019370379,264982,264982
1773912947,24690673,0x79b9e0d4103fe1cc0176d5e05e296549ea5068f01ce73dc657fbfa91390b2a4e,28,0x4585fe77225b41b697c938b018e2ac67ac5a20c0,0x2260fac5e5542a773aa44fbcfedf7c193bc2c599,0xc02aaa39b223fe8d0a0e5c4f27ead9083c756cc2,8,18,0xbdb3ba9ffe392549e1f8658dd2630c141fdf47b6,0xbdb3ba9ffe392549e1f8658dd2630c141fdf47b6,one_for_zero,0,10275810785180556742,31923630,0,-31923630,10275810785180556742,44940452855741022674274161260781324,44940452855741022674274161260781324,270213966019370379,264983,264983
1773912995,24690677,0x712050d920e3d1b3f26b70a33c633a7e1a14219f511871b0875019a89175d753,165,0x4585fe77225b41b697c938b018e2ac67ac5a20c0,0x2260fac5e5542a773aa44fbcfedf7c193bc2c599,0xc02aaa39b223fe8d0a0e5c4f27ead9083c756cc2,8,18,0xbdb3ba9ffe392549e1f8658dd2630c141fdf47b6,0xbdb3ba9ffe392549e1f8658dd2630c141fdf47b6,one_for_zero,0,8705203956638560688,27040914,0,-27040914,8705203956638560688,44943003991329218223560956477021049,44943003991329218223560956477021049,270213966019370379,264984,264984
1773913079,24690684,0x185974ae920d2136b14030204ae730696443d0cb92363ec57f55ed71f7de3dad,9,0x4585fe77225b41b697c938b018e2ac67ac5a20c0,0x2260fac5e5542a773aa44fbcfedf7c193bc2c599,0xc02aaa39b223fe8d0a0e5c4f27ead9083c756cc2,8,18,0xbdb3ba9ffe392549e1f8658dd2630c141fdf47b6,0xbdb3ba9ffe392549e1f8658dd2630c141fdf47b6,one_for_zero,0,12364720310038681677,38403168,0,-38403168,12364720310038681677,44946627579952546063426041593332425,44946627579952546063426041593332425,270213966019370379,264986,264986
1773913259,24690699,0xf1b490cf5a6e56b015706dd8ea32b30f1ab0df6463d1d586053fb6dc8bd062f0,22,0x4585fe77225b41b697c938b018e2ac67ac5a20c0,0x2260fac5e5542a773aa44fbcfedf7c193bc2c599,0xc02aaa39b223fe8d0a0e5c4f27ead9083c756cc2,8,18,0x51c72848c68a965f66fa7a88855f9f7784502a7f,0x51c72848c68a965f66fa7a88855f9f7784502a7f,zero_for_one,59167211,0,0,19030273568012209558,59167211,-19030273568012209558,44941047803195820994681683731596243,44941047803195820994681683731596243,270213966019370379,264983,264983
1773913415,24690712,0x5454c9b91a89ce0cb36a48fc31226880678983d4e87fc61f923f296db28b7437,2,0x4585fe77225b41b697c938b018e2ac67ac5a20c0,0x2260fac5e5542a773aa44fbcfedf7c193bc2c599,0xc02aaa39b223fe8d0a0e5c4f27ead9083c756cc2,8,18,0xbdb3ba9ffe392549e1f8658dd2630c141fdf47b6,0xbdb3ba9ffe392549e1f8658dd2630c141fdf47b6,one_for_zero,0,9869680835930805595,30657076,0,-30657076,9869680835930805595,44943940198842160025288396806383129,44943940198842160025288396806383129,270213966019370379,264985,264985
1773913451,24690715,0x3a7d39761d227e51c0f4c7d055a9cabc85383c306e4dba892a58227cf3366def,2,0x4585fe77225b41b697c938b018e2ac67ac5a20c0,0x2260fac5e5542a773aa44fbcfedf7c193bc2c599,0xc02aaa39b223fe8d0a0e5c4f27ead9083c756cc2,8,18,0xbdb3ba9ffe392549e1f8658dd2630c141fdf47b6,0xbdb3ba9ffe392549e1f8658dd2630c141fdf47b6,one_for_zero,0,22805408809763742159,70822778,0,-70822778,22805408809763742159,44950623521864542394680459988551459,44950623521864542394680459988551459,270213966019370379,264988,264988
1773913475,24690717,0x2ac9b53a9f90b4ee20571235b7715e235c6b238ee78de3e7c7903c217c9de1e8,206,0x4585fe77225b41b697c938b018e2ac67ac5a20c0,0x2260fac5e5542a773aa44fbcfedf7c193bc2c599,0xc02aaa39b223fe8d0a0e5c4f27ead9083c756cc2,8,18,0xbdb3ba9ffe392549e1f8658dd2630c141fdf47b6,0xbdb3ba9ffe392549e1f8658dd2630c141fdf47b6,one_for_zero,0,5042843637782154053,15657836,0,-15657836,5042843637782154053,44952101370968840607946857943863773,44952101370968840607946857943863773,270213966019370379,264988,264988
1773913487,24690718,0xe51ade2bb6b0a097c7613168303860d9a09842c021c61a721694d3137769713a,118,0x4585fe77225b41b697c938b018e2ac67ac5a20c0,0x2260fac5e5542a773aa44fbcfedf7c193bc2c599,0xc02aaa39b223fe8d0a0e5c4f27ead9083c756cc2,8,18,0xbdb3ba9ffe392549e1f8658dd2630c141fdf47b6,0xbdb3ba9ffe392549e1f8658dd2630c141fdf47b6,one_for_zero,0,1737560992133762801,5394821,0,-5394821,1737560992133762801,44952610578301118263012189394192874,44952610578301118263012189394192874,270213966019370379,264988,264988
1773913535,24690722,0xf708ba4024d6023142f4914672a254eb604ac008e4dfbc102ab8af4839fd40cf,9,0x4585fe77225b41b697c938b018e2ac67ac5a20c0,0x2260fac5e5542a773aa44fbcfedf7c193bc2c599,0xc02aaa39b223fe8d0a0e5c4f27ead9083c756cc2,8,18,0xbdb3ba9ffe392549e1f8658dd2630c141fdf47b6,0xbdb3ba9ffe392549e1f8658dd2630c141fdf47b6,one_for_zero,0,23272627714361140851,72245643,0,-72245643,23272627714361140851,44959431045753691092648534305164508,44959431045753691092648534305164508,270200855381916155,264992,264992
1773913547,24690723,0xcdc0ee38e78d49bef22dc53414d60acaf6405d940e7142391c50d1511cbf8741,12,0x4585fe77225b41b697c938b018e2ac67ac5a20c0,0x2260fac5e5542a773aa44fbcfedf7c193bc2c599,0xc02aaa39b223fe8d0a0e5c4f27ead9083c756cc2,8,18,0xbdb3ba9ffe392549e1f8658dd2630c141fdf47b6,0xbdb3ba9ffe392549e1f8658dd2630c141fdf47b6,one_for_zero,0,11143567808403606603,34585420,0,-34585420,11143567808403606603,44962696923494399860911113940648747,44962696923494399860911113940648747,270200855381916155,264993,264993
1773913799,24690744,0xaf0b6b6cdcf3497ccb2dfa6bd983dbf9d1e5e78bd48a92e8cacb72cb604932c8,326,0x4585fe77225b41b697c938b018e2ac67ac5a20c0,0x2260fac5e5542a773aa44fbcfedf7c193bc2c599,0xc02aaa39b223fe8d0a0e5c4f27ead9083c756cc2,8,18,0x51c72848c68a965f66fa7a88855f9f7784502a7f,0x51c72848c68a965f66fa7a88855f9f7784502a7f,zero_for_one,11160913,0,0,3592674431006439394,11160913,-3592674431006439394,44961643481256852930384355173065496,44961643481256852930384355173065496,270200855381916155,264993,264993
1773913907,24690753,0x3871103002d6e892afd8d8920ef6199b617a79d805f9a6bfd2e535c057f955f3,626,0x4585fe77225b41b697c938b018e2ac67ac5a20c0,0x2260fac5e5542a773aa44fbcfedf7c193bc2c599,0xc02aaa39b223fe8d0a0e5c4f27ead9083c756cc2,8,18,0x278d858f05b94576c1e6f73285886876ff6ef8d2,0x278d858f05b94576c1e6f73285886876ff6ef8d2,zero_for_one,1666423,0,0,536403320309295390,1666423,-536403320309295390,44961486197337915713942431644507701,44961486197337915713942431644507701,270200855381916155,264992,264992
1773913919,24690754,0xe02ff0d4bf92026d1e20a95b8a348706dc567de199735dea031ca397df91b34a,356,0x4585fe77225b41b697c938b018e2ac67ac5a20c0,0x2260fac5e5542a773aa44fbcfedf7c193bc2c599,0xc02aaa39b223fe8d0a0e5c4f27ead9083c756cc2,8,18,0xdf31b012c035ff60be20ded74cf82c20729907ee,0xdf31b012c035ff60be20ded74cf82c20729907ee,zero_for_one,444307,0,0,143016689360671449,444307,-143016689360671449,44961444262054287897240197064682260,44961444262054287897240197064682260,270200855381916155,264992,264992
1773913943,24690756,0xb718cf7999f1241b2403e901eb46049b2670a5fd6c7c18c81925ed577a6df400,1070,0x4585fe77225b41b697c938b018e2ac67ac5a20c0,0x2260fac5e5542a773aa44fbcfedf7c193bc2c599,0xc02aaa39b223fe8d0a0e5c4f27ead9083c756cc2,8,18,0xd226997439ecfbeff8e110c8c78c8a7eefd19f89,0xd226997439ecfbeff8e110c8c78c8a7eefd19f89,zero_for_one,279768,0,0,90053737182561448,279768,-90053737182561448,44961417856541565029891542916874211,44961417856541565029891542916874211,270200855381916155,264992,264992
1773913955,24690757,0x889143d832c01e13ee98d322c7e382d6637b5bba437b1138e99f22813844b4c2,530,0x4585fe77225b41b697c938b018e2ac67ac5a20c0,0x2260fac5e5542a773aa44fbcfedf7c193bc2c599,0xc02aaa39b223fe8d0a0e5c4f27ead9083c756cc2,8,18,0x6a000f20005980200259b80c5102003040001068,0x6a000f20005980200259b80c5102003040001068,zero_for_one,1996360,0,0,642599655652972083,1996360,-642599655652972083,44961229433785176186193552010050648,44961229433785176186193552010050648,270200855381916155,264992,264992
1773914039,24690764,0x129890c774012053ac9147309166a39335d59946e8606af4579bb7991252115e,40,0x4585fe77225b41b697c938b018e2ac67ac5a20c0,0x2260fac5e5542a773aa44fbcfedf7c193bc2c599,0xc02aaa39b223fe8d0a0e5c4f27ead9083c756cc2,8,18,0x51c72848c68a965f66fa7a88855f9f7784502a7f,0x51c72848c68a965f66fa7a88855f9f7784502a7f,zero_for_one,39172254,0,0,12607902126221847235,39172254,-12607902126221847235,44957532550897043415118616648024553,44957532550897043415118616648024553,270200855381916155,264991,264991
1773914063,24690766,0xe12e2933554d0c4d8842f59316edb30dc84a400b35e2e18a618b30e44fbcc5d6,8,0x4585fe77225b41b697c938b018e2ac67ac5a20c0,0x2260fac5e5542a773aa44fbcfedf7c193bc2c599,0xc02aaa39b223fe8d0a0e5c4f27ead9083c756cc2,8,18,0x51c72848c68a965f66fa7a88855f9f7784502a7f,0x51c72848c68a965f66fa7a88855f9f7784502a7f,zero_for_one,94819344,0,0,30509780409678396440,94819344,-30509780409678396440,44948586792321910534380118193667219,44948586792321910534380118193667219,270213966019370379,264987,264987
1773914171,24690775,0xeba8d5bff4ce4cba5a2f65b9bdcfb751c439df31a4cc35df2daca59def438635,69,0x4585fe77225b41b697c938b018e2ac67ac5a20c0,0x2260fac5e5542a773aa44fbcfedf7c193bc2c599,0xc02aaa39b223fe8d0a0e5c4f27ead9083c756cc2,8,18,0x51c72848c68a965f66fa7a88855f9f7784502a7f,0x51c72848c68a965f66fa7a88855f9f7784502a7f,zero_for_one,7721227,0,0,2483904971431531551,7721227,-2483904971431531551,44947858498260557468837674601804810,44947858498260557468837674601804810,270213966019370379,264986,264986
1773914183,24690776,0xab3eedfc98569f488736d765a1744232fb5cfbeb55643c7e975aa2693df95ee2,12,0x4585fe77225b41b697c938b018e2ac67ac5a20c0,0x2260fac5e5542a773aa44fbcfedf7c193bc2c599,0xc02aaa39b223fe8d0a0e5c4f27ead9083c756cc2,8,18,0xbdb3ba9ffe392549e1f8658dd2630c141fdf47b6,0xbdb3ba9ffe392549e1f8658dd2630c141fdf47b6,zero_for_one,13908623,0,0,4474176159904344852,13908623,-4474176159904344852,44946546646171132388916207286473337,44946546646171132388916207286473337,270213966019370379,264986,264986
1773914207,24690778,0xc30d82eebbf60956a9b4e7ca14e2eb3ce5c027010650dc49da466ba6ef247b5a,12,0x4585fe77225b41b697c938b018e2ac67ac5a20c0,0x2260fac5e5542a773aa44fbcfedf7c193bc2c599,0xc02aaa39b223fe8d0a0e5c4f27ead9083c756cc2,8,18,0xbdb3ba9ffe392549e1f8658dd2630c141fdf47b6,0xbdb3ba9ffe392549e1f8658dd2630c141fdf47b6,zero_for_one,134542458,0,0,43266628003249721867,134542458,-43266628003249721867,44933860642241047011403063731245067,44933860642241047011403063731245067,270213966019370379,264980,264980
1773914231,24690780,0x2c515238afd64c1ff30ed93206dce9ad10adbb547d2a20f0793aecf2bd7edab9,158,0x4585fe77225b41b697c938b018e2ac67ac5a20c0,0x2260fac5e5542a773aa44fbcfedf7c193bc2c599,0xc02aaa39b223fe8d0a0e5c4f27ead9083c756cc2,8,18,0xbdb3ba9ffe392549e1f8658dd2630c141fdf47b6,0xbdb3ba9ffe392549e1f8658dd2630c141fdf47b6,zero_for_one,4434639,0,0,1425690527759354490,4434639,-1425690527759354490,44933442622245662064409830030163091,44933442622245662064409830030163091,270213966019370379,264980,264980
1773914255,24690782,0xfa723d0d622268a263cdf67ae6efdf70f5795f91e9336fd339815c3734bac91d,15,0x4585fe77225b41b697c938b018e2ac67ac5a20c0,0x2260fac5e5542a773aa44fbcfedf7c193bc2c599,0xc02aaa39b223fe8d0a0e5c4f27ead9083c756cc2,8,18,0xbdb3ba9ffe392549e1f8658dd2630c141fdf47b6,0xbdb3ba9ffe392549e1f8658dd2630c141fdf47b6,zero_for_one,26558334,0,0,8537674992558079723,26558334,-8537674992558079723,44930938898794327517024795031166337,44930938898794327517024795031166337,270133374757366690,264979,264979
1773914339,24690789,0x7a1e46926e5cb8475bbb6d56d7b66d8157e44569a4d3e6d71a7f176f649569f1,273,0x4585fe77225b41b697c938b018e2ac67ac5a20c0,0x2260fac5e5542a773aa44fbcfedf7c193bc2c599,0xc02aaa39b223fe8d0a0e5c4f27ead9083c756cc2,8,18,0xbdb3ba9ffe392549e1f8658dd2630c141fdf47b6,0xbdb3ba9ffe392549e1f8658dd2630c141fdf47b6,one_for_zero,0,2468043897958955286,7670026,0,-7670026,2468043897958955286,44931662396266359083691459003486085,44931662396266359083691459003486085,270133374757366690,264979,264979
1773914351,24690790,0x3651b44aed96836ddcda522be7ced668e82b8a1a5f66df70a077116a51f38811,110,0x4585fe77225b41b697c938b018e2ac67ac5a20c0,0x2260fac5e5542a773aa44fbcfedf7c193bc2c599,0xc02aaa39b223fe8d0a0e5c4f27ead9083c756cc2,8,18,0x278d858f05b94576c1e6f73285886876ff6ef8d2,0x278d858f05b94576c1e6f73285886876ff6ef8d2,one_for_zero,0,532501829034259000,1654842,0,-1654842,532501829034259000,44931818497106979090771122609202688,44931818497106979090771122609202688,270133374757366690,264979,264979
1773914435,24690797,0x34154c5adb1626102ce621eec425526687f7b6cd537638b1ba0ed2e5e578d534,12,0x4585fe77225b41b697c938b018e2ac67ac5a20c0,0x2260fac5e5542a773aa44fbcfedf7c193bc2c599,0xc02aaa39b223fe8d0a0e5c4f27ead9083c756cc2,8,18,0xbdb3ba9ffe392549e1f8658dd2630c141fdf47b6,0xbdb3ba9ffe392549e1f8658dd2630c141fdf47b6,zero_for_one,36787783,0,0,11825015370717762745,36787783,-11825015370717762745,44928350305735341286253396377342900,44928350305735341286253396377342900,270133374757366690,264978,264978
1773914447,24690798,0xeca0b63986a7122ba31d75df8bb463234d18f8f72c8e04f58f234979d3f89e34,212,0x4585fe77225b41b697c938b018e2ac67ac5a20c0,0x2260fac5e5542a773aa44fbcfedf7c193bc2c599,0xc02aaa39b223fe8d0a0e5c4f27ead9083c756cc2,8,18,0x278d858f05b94576c1e6f73285886876ff6ef8d2,0x278d858f05b94576c1e6f73285886876ff6ef8d2,zero_for_one,4121262,0,0,1324629149987939276,4121262,-1324629149987939276,44928303397706874697800600066605839,44928303397706874697800600066605839,2237312822497504162,264978,264978
1773914675,24690817,0x3a226b5bc5ee513e46e4d83ec91de52fcd45b73253e1fc260f7fdad5b9862950,429,0x4585fe77225b41b697c938b018e2ac67ac5a20c0,0x2260fac5e5542a773aa44fbcfedf7c193bc2c599,0xc02aaa39b223fe8d0a0e5c4f27ead9083c756cc2,8,18,0x278d858f05b94576c1e6f73285886876ff6ef8d2,0x278d858f05b94576c1e6f73285886876ff6ef8d2,one_for_zero,0,1316940391662200000,4093212,0,-4093212,1316940391662200000,44928689453661945764592751630486421,44928689453661945764592751630486421,270133374757366690,264978,264978
1773914867,24690833,0x24d710eb19bc26ebf7bad18fd1a7b628ee4f67a7715e6bb1311163d32cc10a4a,120,0x4585fe77225b41b697c938b018e2ac67ac5a20c0,0x2260fac5e5542a773aa44fbcfedf7c193bc2c599,0xc02aaa39b223fe8d0a0e5c4f27ead9083c756cc2,8,18,0x51c72848c68a965f66fa7a88855f9f7784502a7f,0x51c72848c68a965f66fa7a88855f9f7784502a7f,one_for_zero,0,2763911775330435072,8590349,0,-8590349,2763911775330435072,44929499683651786530739089188447875,44929499683651786530739089188447875,270133374757366690,264978,264978
1773914987,24690843,0xf8aab5e74cf6ee8940d1bad7bdb114ad8796282b4fb4fb82ef8211351a43dfa8,60,0x4585fe77225b41b697c938b018e2ac67ac5a20c0,0x2260fac5e5542a773aa44fbcfedf7c193bc2c599,0xc02aaa39b223fe8d0a0e5c4f27ead9083c756cc2,8,18,0x51c72848c68a965f66fa7a88855f9f7784502a7f,0x51c72848c68a965f66fa7a88855f9f7784502a7f,one_for_zero,0,2106788187877656064,6547774,0,-6547774,2106788187877656064,44930117280417101763624856678050408,44930117280417101763624856678050408,270133374757366690,264978,264978
1773914999,24690844,0xae3eecdf6e6fac328d2e4dee402d1381809e6e5ad522999c7fc2d8577a030530,15,0x4585fe77225b41b697c938b018e2ac67ac5a20c0,0x2260fac5e5542a773aa44fbcfedf7c193bc2c599,0xc02aaa39b223fe8d0a0e5c4f27ead9083c756cc2,8,18,0x51c72848c68a965f66fa7a88855f9f7784502a7f,0x51c72848c68a965f66fa7a88855f9f7784502a7f,one_for_zero,0,5299153401615423488,16468662,0,-16468662,5299153401615423488,44931670706631743589316515056475043,44931670706631743589316515056475043,270133374757366690,264979,264979
1773915023,24690846,0x1dda62453c3b9c68521f30da1b7fdcf83a2321e46f8b90825e2ef8922dbb4fd0,49,0x4585fe77225b41b697c938b018e2ac67ac5a20c0,0x2260fac5e5542a773aa44fbcfedf7c193bc2c599,0xc02aaa39b223fe8d0a0e5c4f27ead9083c756cc2,8,18,0x51c72848c68a965f66fa7a88855f9f7784502a7f,0x51c72848c68a965f66fa7a88855f9f7784502a7f,one_for_zero,0,2049883176240461312,6370303,0,-6370303,2049883176240461312,44932271621914164824677435328891220,44932271621914164824677435328891220,270133374757366690,264979,264979
1773915035,24690847,0xf18a46881bb4b58962fb324f3949791c27b3276370da693c4d338d28bb071ed1,231,0x4585fe77225b41b697c938b018e2ac67ac5a20c0,0x2260fac5e5542a773aa44fbcfedf7c193bc2c599,0xc02aaa39b223fe8d0a0e5c4f27ead9083c756cc2,8,18,0x51c72848c68a965f66fa7a88855f9f7784502a7f,0x51c72848c68a965f66fa7a88855f9f7784502a7f,one_for_zero,0,10822778020482949120,33630498,0,-33630498,10822778020482949120,44935443365514388599978742669384574,44935443365514388599978742669384574,270213966019370379,264981,264981
1773915047,24690848,0x94c3d128a0de40033dd85709c8ae9ba1113c02df2156d39fa5b1a15a12580536,80,0x4585fe77225b41b697c938b018e2ac67ac5a20c0,0x2260fac5e5542a773aa44fbcfedf7c193bc2c599,0xc02aaa39b223fe8d0a0e5c4f27ead9083c756cc2,8,18,0x66a9893cc07d91d95644aedd05d03f95e1dba8af,0x66a9893cc07d91d95644aedd05d03f95e1dba8af,one_for_zero,0,4677424424099612371,14533072,0,-14533072,4677424424099612371,44936814125345962186563705010123004,44936814125345962186563705010123004,270213966019370379,264981,264981
1773915215,24690862,0x660873b1a457272898f4f29b0483311ba7e00df92feede6277082b14a22b756e,133,0x4585fe77225b41b697c938b018e2ac67ac5a20c0,0x2260fac5e5542a773aa44fbcfedf7c193bc2c599,0xc02aaa39b223fe8d0a0e5c4f27ead9083c756cc2,8,18,0x365084b05fa7d5028346bd21d842ed0601bab5b8,0x365084b05fa7d5028346bd21d842ed0601bab5b8,zero_for_one,11814146,0,0,3798566418793134024,11814146,-3798566418793134024,44935700365602219720040734905593015,44935700365602219720040734905593015,270213966019370379,264981,264981
1773915215,24690862,0x70131b69a6756c63867cd8a809884da3e980f155bd1a2aa5b22e670e593cc770,222,0x4585fe77225b41b697c938b018e2ac67ac5a20c0,0x2260fac5e5542a773aa44fbcfedf7c193bc2c599,0xc02aaa39b223fe8d0a0e5c4f27ead9083c756cc2,8,18,0x51c72848c68a965f66fa7a88855f9f7784502a7f,0x51c72848c68a965f66fa7a88855f9f7784502a7f,one_for_zero,0,12306259994918459392,38234038,0,-38234038,12306259994918459392,44939306821922715460077652223980057,44939306821922715460077652223980057,270213966019370379,264983,264983
1773915323,24690871,0x6142e3a65ecb55c49b6c9b6aea35a9c981e701bf16034a923e873d01dd783b3c,69,0x4585fe77225b41b697c938b018e2ac67ac5a20c0,0x2260fac5e5542a773aa44fbcfedf7c193bc2c599,0xc02aaa39b223fe8d0a0e5c4f27ead9083c756cc2,8,18,0x365084b05fa7d5028346bd21d842ed0601bab5b8,0x365084b05fa7d5028346bd21d842ed0601bab5b8,zero_for_one,66989766,0,0,21538913580095753806,66989766,-21538913580095753806,44932991498660030394873574468045720,44932991498660030394873574468045720,270213966019370379,264980,264980
1773915479,24690884,0x0f4b195ae9c5bace9ae5c964cc50246cfcea00040fd604e6f5cb75af5af61a08,34,0x4585fe77225b41b697c938b018e2ac67ac5a20c0,0x2260fac5e5542a773aa44fbcfedf7c193bc2c599,0xc02aaa39b223fe8d0a0e5c4f27ead9083c756cc2,8,18,0x51c72848c68a965f66fa7a88855f9f7784502a7f,0x51c72848c68a965f66fa7a88855f9f7784502a7f,one_for_zero,0,3104411235201780224,9646766,0,-9646766,3104411235201780224,44933901273321481924793128358526191,44933901273321481924793128358526191,270213966019370379,264980,264980
1773915551,24690890,0xfcc2fd7a09648c92a74448fa577eb84a2e6f6e18db30ef9fdde1146c40807b44,37,0x4585fe77225b41b697c938b018e2ac67ac5a20c0,0x2260fac5e5542a773aa44fbcfedf7c193bc2c599,0xc02aaa39b223fe8d0a0e5c4f27ead9083c756cc2,8,18,0xbdb3ba9ffe392549e1f8658dd2630c141fdf47b6,0xbdb3ba9ffe392549e1f8658dd2630c141fdf47b6,one_for_zero,0,6577673240531544364,20438422,0,-20438422,6577673240531544364,44935828917564514827299851213452655,44935828917564514827299851213452655,270213966019370379,264981,264981
1773915599,24690894,0x60c2e52e18cba0a0fceddc44d1db8af30396d0b3ac9f6667d8d0c0c2fa98c7ca,197,0x4585fe77225b41b697c938b018e2ac67ac5a20c0,0x2260fac5e5542a773aa44fbcfedf7c193bc2c599,0xc02aaa39b223fe8d0a0e5c4f27ead9083c756cc2,8,18,0xe592427a0aece92de3edee1f18e0157c05861564,0x8d6ce71ab8c98299c1956247ca9aaec080dd2df3,one_for_zero,0,35016338713587154,108799,0,-108799,35016338713587154,44935839179406546962329335126411094,44935839179406546962329335126411094,270213966019370379,264981,264981
1773915611,24690895,0xaa723fdeb558418127fe927f692c3e2db26457b1f918ac09a79dcc924b9f6bf8,359,0x4585fe77225b41b697c938b018e2ac67ac5a20c0,0x2260fac5e5542a773aa44fbcfedf7c193bc2c599,0xc02aaa39b223fe8d0a0e5c4f27ead9083c756cc2,8,18,0xbdb3ba9ffe392549e1f8658dd2630c141fdf47b6,0xbdb3ba9ffe392549e1f8658dd2630c141fdf47b6,one_for_zero,0,5645373143627127484,17540134,0,-17540134,5645373143627127484,44937493605013010501213649533445762,44937493605013010501213649533445762,270213966019370379,264982,264982
1773915623,24690896,0x7475d6d0eb2df989e59ff9c3eda40b440fb2920cf095158e1e789e31ac97036d,12,0x4585fe77225b41b697c938b018e2ac67ac5a20c0,0x2260fac5e5542a773aa44fbcfedf7c193bc2c599,0xc02aaa39b223fe8d0a0e5c4f27ead9083c756cc2,8,18,0x51c72848c68a965f66fa7a88855f9f7784502a7f,0x51c72848c68a965f66fa7a88855f9f7784502a7f,one_for_zero,0,8382544249210468352,26042123,0,-26042123,8382544249210468352,44939950182372978802631215988315164,44939950182372978802631215988315164,270213966019370379,264983,264983
1773915635,24690897,0xbaf44ccb725d25551234844b1c815fe59fabcaa03eff74128c77c56ca797b70d,58,0x4585fe77225b41b697c938b018e2ac67ac5a20c0,0x2260fac5e5542a773aa44fbcfedf7c193bc2c599,0xc02aaa39b223fe8d0a0e5c4f27ead9083c756cc2,8,18,0x51c72848c68a965f66fa7a88855f9f7784502a7f,0x51c72848c68a965f66fa7a88855f9f7784502a7f,one_for_zero,0,9016077025797860352,28007147,0,-28007147,9016077025797860352,44942592422012738711400403698142179,44942592422012738711400403698142179,270213966019370379,264984,264984
1773915695,24690902,0x628207a1791e64675f574ae01b385456b1ea26e34ac0da152898973a1d05dbfc,124,0x4585fe77225b41b697c938b018e2ac67ac5a20c0,0x2260fac5e5542a773aa44fbcfedf7c193bc2c599,0xc02aaa39b223fe8d0a0e5c4f27ead9083c756cc2,8,18,0x365084b05fa7d5028346bd21d842ed0601bab5b8,0x365084b05fa7d5028346bd21d842ed0601bab5b8,zero_for_one,24499132,0,0,7878948051715076940,24499132,-7878948051715076940,44940282272815498550879026173268368,44940282272815498550879026173268368,270213966019370379,264983,264983
1773915695,24690902,0x1a52bc760d5891e5cb15a207f775ff989a43cc075724cb8c745daf92e3cdeae4,181,0x4585fe77225b41b697c938b018e2ac67ac5a20c0,0x2260fac5e5542a773aa44fbcfedf7c193bc2c599,0xc02aaa39b223fe8d0a0e5c4f27ead9083c756cc2,8,18,0xbdb3ba9ffe392549e1f8658dd2630c141fdf47b6,0xbdb3ba9ffe392549e1f8658dd2630c141fdf47b6,one_for_zero,0,4712453176581566175,14638752,0,-14638752,4712453176581566175,44941663298127066854590925186246435,44941663298127066854590925186246435,270213966019370379,264984,264984
1773915743,24690906,0xabd6823227c828b4cad038ddb9d92e7ebcd91c685203168bb0fb90a386b6e58b,29,0x4585fe77225b41b697c938b018e2ac67ac5a20c0,0x2260fac5e5542a773aa44fbcfedf7c193bc2c599,0xc02aaa39b223fe8d0a0e5c4f27ead9083c756cc2,8,18,0x365084b05fa7d5028346bd21d842ed0601bab5b8,0x365084b05fa7d5028346bd21d842ed0601bab5b8,zero_for_one,11635808,0,0,3742035079099602346,11635808,-3742035079099602346,44940566113670806261378902797214129,44940566113670806261378902797214129,270213966019370379,264983,264983
1773915863,24690916,0xfc457ea91b609543cf30e1925eb405e573efb1ae102496879217861ad6838015,593,0x4585fe77225b41b697c938b018e2ac67ac5a20c0,0x2260fac5e5542a773aa44fbcfedf7c193bc2c599,0xc02aaa39b223fe8d0a0e5c4f27ead9083c756cc2,8,18,0xbdb3ba9ffe392549e1f8658dd2630c141fdf47b6,0xbdb3ba9ffe392549e1f8658dd2630c141fdf47b6,one_for_zero,0,6579452027912872276,20437886,0,-20437886,6579452027912872276,44942494279202922675615902329088030,44942494279202922675615902329088030,270213966019370379,264984,264984
