timestamp,block_number,tx_hash,log_index,pool,token0,token1,token0_decimals,token1_decimals,sender,recipient,direction,token0_in,token1_in,token0_out,token1_out,amount0,amount1,sqrt_price_x96,sqrtPriceX96,liquidity,tick,pre_swap_tick
1773906923,24690172,0xa3b5f49f20d4fa83cd1bc5b92e416cfc2da8a1b5ca7bfb536f184c9a0aa9556a,244,0x8ad599c3a0ff1de082011efddc58f1908eb6e6d8,0xa0b86991c6218b36c1d19d4a2e9eb0ce3606eb48,0xc02aaa39b223fe8d0a0e5c4f27ead9083c756cc2,6,18,0xd226997439ecfbeff8e110c8c78c8a7eefd19f89,0xd226997439ecfbeff8e110c8c78c8a7eefd19f89,zero_for_one,100761,0,0,46337686455967,100761,-46337686455967,1701588308459257447302877151722001,1701588308459257447302877151722001,1398639221559250584,199504,199504
1773907103,24690187,0x1bbe54812d3555375faf4cd5586582ae2f8132b19196ea43582d33aca90d809f,129,0x8ad599c3a0ff1de082011efddc58f1908eb6e6d8,0xa0b86991c6218b36c1d19d4a2e9eb0ce3606eb48,0xc02aaa39b223fe8d0a0e5c4f27ead9083c756cc2,6,18,0xd226997439ecfbeff8e110c8c78c8a7eefd19f89,0xd226997439ecfbeff8e110c8c78c8a7eefd19f89,zero_for_one,309486,0,0,142326319755454,309486,-142326319755454,1701588300396954733475681983292937,1701588300396954733475681983292937,1398639221559250584,199504,199504
1773907211,24690196,0x9040a77ee09e37feec83e39473420664f2de8e5bb7a9a4731e6cfc18793c7387,19,0x8ad599c3a0ff1de082011efddc58f1908eb6e6d8,0xa0b86991c6218b36c1d19d4a2e9eb0ce3606eb48,0xc02aaa39b223fe8d0a0e5c4f27ead9083c756cc2,6,18,0x06cff7088619c7178f5e14f0b119458d08d2f5ef,0x06cff7088619c7178f5e14f0b119458d08d2f5ef,zero_for_one,144648,0,0,66520765156867,144648,-66520765156867,1701588296628779273226528542525206,1701588296628779273226528542525206,1398639221559250584,199504,199504
1773907559,24690225,0x5cf6d40e964e9deac6fcae3c873bae0810bb4ccba1d70c14ee8681186436cec1,60,0x8ad599c3a0ff1de082011efddc58f1908eb6e6d8,0xa0b86991c6218b36c1d19d4a2e9eb0ce3606eb48,0xc02aaa39b223fe8d0a0e5c4f27ead9083c756cc2,6,18,0x06cff7088619c7178f5e14f0b119458d08d2f5ef,0x06cff7088619c7178f5e14f0b119458d08d2f5ef,zero_for_one,167143,0,0,76865538530185,167143,-76865538530185,1701588292274607529331959605541207,1701588292274607529331959605541207,1398639221559250584,199504,199504
1773907631,24690231,0x5dfb652f0184ebadaa2223b7a2f85997f1e8e31b2417039aa81492ebb646ea73,218,0x8ad599c3a0ff1de082011efddc58f1908eb6e6d8,0xa0b86991c6218b36c1d19d4a2e9eb0ce3606eb48,0xc02aaa39b223fe8d0a0e5c4f27ead9083c756cc2,6,18,0xd226997439ecfbeff8e110c8c78c8a7eefd19f89,0xd226997439ecfbeff8e110c8c78c8a7eefd19f89,zero_for_one,331924,0,0,152645259812205,331924,-152645259812205,1701588283627771901520110792449019,1701588283627771901520110792449019,1398639221559250584,199504,199504
1773908063,24690267,0xdc7fcc3313429ca8821af37e5c146e23229a1ff439125f0cf8aae1f4131c6409,392,0x8ad599c3a0ff1de082011efddc58f1908eb6e6d8,0xa0b86991c6218b36c1d19d4a2e9eb0ce3606eb48,0xc02aaa39b223fe8d0a0e5c4f27ead9083c756cc2,6,18,0x99719e434ec7e5bf587599e4ca55817b3baceb8a,0x99719e434ec7e5bf587599e4ca55817b3baceb8a,zero_for_one,110073,0,0,50620062336691,110073,-50620062336691,1701588280760317261700637231217947,1701588280760317261700637231217947,1398639221559250584,199504,199504
1773908195,24690278,0x2e7f10ad62044dd3a7833dd0af1392dd1dffd4562cd48ac45b38c2f5cb831b6c,208,0x8ad599c3a0ff1de082011efddc58f1908eb6e6d8,0xa0b86991c6218b36c1d19d4a2e9eb0ce3606eb48,0xc02aaa39b223fe8d0a0e5c4f27ead9083c756cc2,6,18,0xd226997439ecfbeff8e110c8c78c8a7eefd19f89,0xd226997439ecfbeff8e110c8c78c8a7eefd19f89,zero_for_one,206996,0,0,95193411037016,206996,-95193411037016,1701588275367933776615862205433855,1701588275367933776615862205433855,1398639221559250584,199504,199504
1773908231,24690281,0x6fb744317cf775a835341dbdc51a7357b1ec08626f6dd27a6c05fbc0bc692b0d,318,0x8ad599c3a0ff1de082011efddc58f1908eb6e6d8,0xa0b86991c6218b36c1d19d4a2e9eb0ce3606eb48,0xc02aaa39b223fe8d0a0e5c4f27ead9083c756cc2,6,18,0x06cff7088619c7178f5e14f0b119458d08d2f5ef,0x06cff7088619c7178f5e14f0b119458d08d2f5ef,zero_for_one,224779,0,0,103371164365938,224779,-103371164365938,1701588269512308334807550524420072,1701588269512308334807550524420072,1398639221559250584,199504,199504
1773908339,24690290,0x06344719e4c403780a56cd8afb789aaa51f874df787f70037773af3777ae514a,146,0x8ad599c3a0ff1de082011efddc58f1908eb6e6d8,0xa0b86991c6218b36c1d19d4a2e9eb0ce3606eb48,0xc02aaa39b223fe8d0a0e5c4f27ead9083c756cc2,6,18,0x06cff7088619c7178f5e14f0b119458d08d2f5ef,0x06cff7088619c7178f5e14f0b119458d08d2f5ef,zero_for_one,272757,0,0,125435277733662,272757,-125435277733662,1701588262406825794266972682923615,1701588262406825794266972682923615,1398639221559250584,199504,199504
1773908795,24690328,0x0942f97e47a9d27cf4e94423eaa90a9849c8b534a922d1ca27566a0d4eaafc76,20,0x8ad599c3a0ff1de082011efddc58f1908eb6e6d8,0xa0b86991c6218b36c1d19d4a2e9eb0ce3606eb48,0xc02aaa39b223fe8d0a0e5c4f27ead9083c756cc2,6,18,0x5050e08626c499411b5d0e0b5af0e83d3fd82edf,0x5050e08626c499411b5d0e0b5af0e83d3fd82edf,one_for_zero,0,5168627334367587740,11169817744,0,-11169817744,5168627334367587740,1701880169238545070229456079002960,1701880169238545070229456079002960,1398639221559250584,199508,199508
1773908807,24690329,0x28c8f710c7a66eb60bdeb4e7ae120893b692fb6daae2d764109e8224e5b6cc3d,98,0x8ad599c3a0ff1de082011efddc58f1908eb6e6d8,0xa0b86991c6218b36c1d19d4a2e9eb0ce3606eb48,0xc02aaa39b223fe8d0a0e5c4f27ead9083c756cc2,6,18,0xbdb3ba9ffe392549e1f8658dd2630c141fdf47b6,0xbdb3ba9ffe392549e1f8658dd2630c141fdf47b6,one_for_zero,0,2682760311246400193,5796149527,0,-5796149527,2682760311246400193,1702031682592489357692398846635475,1702031682592489357692398846635475,1398639221559250584,199510,199510
1773908819,24690330,0x8055b413d8a267a7b315b88066626be60752403a89bf4265e3eaddfe6755fa4f,479,0x8ad599c3a0ff1de082011efddc58f1908eb6e6d8,0xa0b86991c6218b36c1d19d4a2e9eb0ce3606eb48,0xc02aaa39b223fe8d0a0e5c4f27ead9083c756cc2,6,18,0x6fc3dc715f1dc99f4f59bf5c3e53dca31e16f29d,0x6fc3dc715f1dc99f4f59bf5c3e53dca31e16f29d,one_for_zero,0,949609366806545932,2051400000,0,-2051400000,949609366806545932,1702085313362073437864920919861479,1702085313362073437864920919861479,1398639221559250584,199510,199510
1773908831,24690331,0xa37a70ed181df04cba4eb5cdf5b670d2e12a526ce5900f3c1d93624484a7b7e1,30,0x8ad599c3a0ff1de082011efddc58f1908eb6e6d8,0xa0b86991c6218b36c1d19d4a2e9eb0ce3606eb48,0xc02aaa39b223fe8d0a0e5c4f27ead9083c756cc2,6,18,0x7cda585e917fecb3a33c6d5a8f8a15dd956694dc,0x01989c93890aed05a63d179b03424997075b6acf,one_for_zero,0,3357133564593620500,7251234041,0,-7251234041,3357133564593620500,1702274913067972696360665235658634,1702274913067972696360665235658634,1398639221559250584,199512,199512
1773908843,24690332,0x9f6f5382909100fb4fea04fe0f35e4b1a34ca3fdcd1154ed15f2f4aef68ef449,100,0x8ad599c3a0ff1de082011efddc58f1908eb6e6d8,0xa0b86991c6218b36c1d19d4a2e9eb0ce3606eb48,0xc02aaa39b223fe8d0a0e5c4f27ead9083c756cc2,6,18,0x51c72848c68a965f66fa7a88855f9f7784502a7f,0x51c72848c68a965f66fa7a88855f9f7784502a7f,one_for_zero,0,1526427361764596736,3296469616,0,-3296469616,1526427361764596736,1702361120593916687679037143675194,1702361120593916687679037143675194,1398639221559250584,199513,199513
1773908855,24690333,0xd45a7a7c93aa5ddc50596c6622395fefc27a139829cc7b85834d8cbf6999a24e,203,0x8ad599c3a0ff1de082011efddc58f1908eb6e6d8,0xa0b86991c6218b36c1d19d4a2e9eb0ce3606eb48,0xc02aaa39b223fe8d0a0e5c4f27ead9083c756cc2,6,18,0x51c72848c68a965f66fa7a88855f9f7784502a7f,0x51c72848c68a965f66fa7a88855f9f7784502a7f,one_for_zero,0,1230026376069346816,2656119707,0,-2656119707,1230026376069346816,1702430588380843809587865235524711,1702430588380843809587865235524711,1398639221559250584,199514,199514
1773908879,24690335,0x77e6230941979d5fdb96e0416457efba6a451e6d19836bea430eaeb2983ac55f,250,0x8ad599c3a0ff1de082011efddc58f1908eb6e6d8,0xa0b86991c6218b36c1d19d4a2e9eb0ce3606eb48,0xc02aaa39b223fe8d0a0e5c4f27ead9083c756cc2,6,18,0x51c72848c68a965f66fa7a88855f9f7784502a7f,0x51c72848c68a965f66fa7a88855f9f7784502a7f,one_for_zero,0,1139962526285986432,2461442243,0,-2461442243,1139962526285986432,1702494969661946088874884350640269,1702494969661946088874884350640269,1398639221559250584,199515,199515
1773908915,24690338,0xab0df192a52bc127285b6b61cd75692b5c04ac54cd1880a6147ed8bd55a223e3,120,0x8ad599c3a0ff1de082011efddc58f1908eb6e6d8,0xa0b86991c6218b36c1d19d4a2e9eb0ce3606eb48,0xc02aaa39b223fe8d0a0e5c4f27ead9083c756cc2,6,18,0xbdb3ba9ffe392549e1f8658dd2630c141fdf47b6,0xbdb3ba9ffe392549e1f8658dd2630c141fdf47b6,one_for_zero,0,1080941800490767663,2333830923,0,-2333830923,1080941800490767663,1702556017649321018699053790180052,1702556017649321018699053790180052,1398639221559250584,199516,199516
1773909275,24690368,0x989fcd4ba2d8b3df5cd20c51fd070e31dfc8087ebba93ca0c68af70a05cbbae8,89,0x8ad599c3a0ff1de082011efddc58f1908eb6e6d8,0xa0b86991c6218b36c1d19d4a2e9eb0ce3606eb48,0xc02aaa39b223fe8d0a0e5c4f27ead9083c756cc2,6,18,0x06cff7088619c7178f5e14f0b119458d08d2f5ef,0x06cff7088619c7178f5e14f0b119458d08d2f5ef,zero_for_one,200178,0,0,92162477607257,200178,-92162477607257,1702556012668052238258141316003367,1702556012668052238258141316003367,1465864235685503175,199516,199516
1773909287,24690369,0xe1e23cae6a5a009eb78c275dd8a999c5902a9c81c7d6c6bff76dc714a5a8a58d,68,0x8ad599c3a0ff1de082011efddc58f1908eb6e6d8,0xa0b86991c6218b36c1d19d4a2e9eb0ce3606eb48,0xc02aaa39b223fe8d0a0e5c4f27ead9083c756cc2,6,18,0x06cff7088619c7178f5e14f0b119458d08d2f5ef,0x06cff7088619c7178f5e14f0b119458d08d2f5ef,zero_for_one,651519,0,0,299961552980863,651519,-299961552980863,1702555996455498518039158981223490,1702555996455498518039158981223490,1465864235685503175,199516,199516
1773909599,24690395,0x96039257290cb25bab66ad0d92e2993ff9f25eb16dca89567c15544175fb4302,86,0x8ad599c3a0ff1de082011efddc58f1908eb6e6d8,0xa0b86991c6218b36c1d19d4a2e9eb0ce3606eb48,0xc02aaa39b223fe8d0a0e5c4f27ead9083c756cc2,6,18,0x7cda585e917fecb3a33c6d5a8f8a15dd956694dc,0x01989c93890aed05a63d179b03424997075b6acf,one_for_zero,0,926455761451796200,2000154154,0,-2000154154,926455761451796200,1702605920030742486601745228976665,1702605920030742486601745228976665,1465864235685503175,199516,199516
1773909599,24690395,0xee06f50b26054263686cbc659a6abed38b1990f1a17b411cb40c8c242b0ccea2,120,0x8ad599c3a0ff1de082011efddc58f1908eb6e6d8,0xa0b86991c6218b36c1d19d4a2e9eb0ce3606eb48,0xc02aaa39b223fe8d0a0e5c4f27ead9083c756cc2,6,18,0x66a9893cc07d91d95644aedd05d03f95e1dba8af,0x66a9893cc07d91d95644aedd05d03f95e1dba8af,one_for_zero,0,902299419000000000,1947889529,0,-1947889529,902299419000000000,1702654541902192070518291820833191,1702654541902192070518291820833191,1465864235685503175,199517,199517
1773909635,24690398,0x67aaf87c776faf915f8ebf191a31566905ec861ba016d4c9e2be88a1dbc4c714,58,0x8ad599c3a0ff1de082011efddc58f1908eb6e6d8,0xa0b86991c6218b36c1d19d4a2e9eb0ce3606eb48,0xc02aaa39b223fe8d0a0e5c4f27ead9083c756cc2,6,18,0x51c72848c68a965f66fa7a88855f9f7784502a7f,0x51c72848c68a965f66fa7a88855f9f7784502a7f,one_for_zero,0,711912474889680256,1536802511,0,-1536802511,711912474889680256,1702692904463564218726808448990287,1702692904463564218726808448990287,1465864235685503175,199517,199517
1773909695,24690403,0x74249a77e7ac5fe4f33109cb1844999fb91e25666c757e6bb09a53dd01595880,111,0x8ad599c3a0ff1de082011efddc58f1908eb6e6d8,0xa0b86991c6218b36c1d19d4a2e9eb0ce3606eb48,0xc02aaa39b223fe8d0a0e5c4f27ead9083c756cc2,6,18,0x06cff7088619c7178f5e14f0b119458d08d2f5ef,0x06cff7088619c7178f5e14f0b119458d08d2f5ef,zero_for_one,160354,0,0,73839014544905,160354,-73839014544905,1702692900472656123802770107073997,1702692900472656123802770107073997,1465864235685503175,199517,199517
1773909755,24690408,0xa41046255d3854137e2ceeaf8862e425a12024274474258ce151d9ef469e9610,25,0x8ad599c3a0ff1de082011efddc58f1908eb6e6d8,0xa0b86991c6218b36c1d19d4a2e9eb0ce3606eb48,0xc02aaa39b223fe8d0a0e5c4f27ead9083c756cc2,6,18,0x06cff7088619c7178f5e14f0b119458d08d2f5ef,0x06cff7088619c7178f5e14f0b119458d08d2f5ef,zero_for_one,9359948,0,0,4310047044481608,9359948,-4310047044481608,1702692667519904176332202279729634,1702692667519904176332202279729634,1465864235685503175,199517,199517
1773909755,24690408,0xa7a71376e891eef8ae15a9451669441eb800d24c1f4c3d4e497a921ee0666cfb,155,0x8ad599c3a0ff1de082011efddc58f1908eb6e6d8,0xa0b86991c6218b36c1d19d4a2e9eb0ce3606eb48,0xc02aaa39b223fe8d0a0e5c4f27ead9083c756cc2,6,18,0x06cff7088619c7178f5e14f0b119458d08d2f5ef,0x06cff7088619c7178f5e14f0b119458d08d2f5ef,zero_for_one,1942319,0,0,894394374459490,1942319,-894394374459490,1702692619178986152377240154830019,1702692619178986152377240154830019,1465864235685503175,199517,199517
1773909779,24690410,0x70a405dd06b11f15160f1d6e36b0f6966d42548e1702ef999ba3c145929723e0,229,0x8ad599c3a0ff1de082011efddc58f1908eb6e6d8,0xa0b86991c6218b36c1d19d4a2e9eb0ce3606eb48,0xc02aaa39b223fe8d0a0e5c4f27ead9083c756cc2,6,18,0xd226997439ecfbeff8e110c8c78c8a7eefd19f89,0xd226997439ecfbeff8e110c8c78c8a7eefd19f89,zero_for_one,222068,0,0,102256969114764,222068,-102256969114764,1702692613652122497468578133843805,1702692613652122497468578133843805,1465864235685503175,199517,199517
1773910079,24690435,0x6a6eda81b255e5ee0bd31422d2d900a652d45619bdbb687ef6b6dbf8e377773c,59,0x8ad599c3a0ff1de082011efddc58f1908eb6e6d8,0xa0b86991c6218b36c1d19d4a2e9eb0ce3606eb48,0xc02aaa39b223fe8d0a0e5c4f27ead9083c756cc2,6,18,0xd226997439ecfbeff8e110c8c78c8a7eefd19f89,0xd226997439ecfbeff8e110c8c78c8a7eefd19f89,zero_for_one,146334,0,0,67383065892628,146334,-67383065892628,1702692610010150502187611174258048,1702692610010150502187611174258048,1465864235685503175,199517,199517
1773911111,24690520,0x8fe7903c3b3044e456f701bd2157c8338c857b80be37836995df98519c8b4a9f,697,0x8ad599c3a0ff1de082011efddc58f1908eb6e6d8,0xa0b86991c6218b36c1d19d4a2e9eb0ce3606eb48,0xc02aaa39b223fe8d0a0e5c4f27ead9083c756cc2,6,18,0x68b3465833fb72a70ecdf485e0e4c7bd8665fc45,0x3e54cc9198e5b74c03ef3e817c031ce77ce8880a,zero_for_one,50000000,0,0,23023862342569336,50000000,-23023862342569336,1702691365598653873998062116256383,1702691365598653873998062116256383,1465864235685503175,199517,199517
1773911111,24690520,0x74d2e1369b376b79b74fe51a91172a4a2154d04f4446c883cf07d89e208b01cb,752,0x8ad599c3a0ff1de082011efddc58f1908eb6e6d8,0xa0b86991c6218b36c1d19d4a2e9eb0ce3606eb48,0xc02aaa39b223fe8d0a0e5c4f27ead9083c756cc2,6,18,0xd226997439ecfbeff8e110c8c78c8a7eefd19f89,0xd226997439ecfbeff8e110c8c78c8a7eefd19f89,zero_for_one,812962,0,0,374350172860291,812962,-374350172860291,1702691345365486565193191657443575,1702691345365486565193191657443575,1465864235685503175,199517,199517
1773912095,24690602,0x10a2c2660ea8e35ffb6d6d340477136a417f4da77b86f08708350a7738bdf28a,48,0x8ad599c3a0ff1de082011efddc58f1908eb6e6d8,0xa0b86991c6218b36c1d19d4a2e9eb0ce3606eb48,0xc02aaa39b223fe8d0a0e5c4f27ead9083c756cc2,6,18,0x15893515f06036b37775cef10477fb4b85be3ee6,0x15893515f06036b37775cef10477fb4b85be3ee6,zero_for_one,8540071757,0,0,3932014928889499844,8540071757,-3932014928889499844,1702478824785332778103790408564736,1702478824785332778103790408564736,1465864235685503175,199515,199515
1773912107,24690603,0xb26e2b395f41ddb96a8a93b8174aac75a2654e376b25bc6807d890d75fbe4e81,20,0x8ad599c3a0ff1de082011efddc58f1908eb6e6d8,0xa0b86991c6218b36c1d19d4a2e9eb0ce3606eb48,0xc02aaa39b223fe8d0a0e5c4f27ead9083c756cc2,6,18,0x51c72848c68a965f66fa7a88855f9f7784502a7f,0x51c72848c68a965f66fa7a88855f9f7784502a7f,zero_for_one,79947664720,0,0,36761888262319105122,79947664720,-36761888262319105122,1700489107526079787812902232526960,1700489107526079787812902232526960,1459967087045783278,199491,199491
1773912143,24690606,0xb62760598f321e7025370646e60b2cf05572bf9761b5be3f6e00578e54445198,31,0x8ad599c3a0ff1de082011efddc58f1908eb6e6d8,0xa0b86991c6218b36c1d19d4a2e9eb0ce3606eb48,0xc02aaa39b223fe8d0a0e5c4f27ead9083c756cc2,6,18,0xbdb3ba9ffe392549e1f8658dd2630c141fdf47b6,0xbdb3ba9ffe392549e1f8658dd2630c141fdf47b6,zero_for_one,24527900480,0,0,11261285562377504978,24527900480,-11261285562377504978,1699877990350513209658785077111170,1699877990350513209658785077111170,1459967087045783278,199484,199484
1773912155,24690607,0xf6ef1e1f548ee67150eaa255b32a7fb2fd403bbbc0a92f020e910f59801ec748,15,0x8ad599c3a0ff1de082011efddc58f1908eb6e6d8,0xa0b86991c6218b36c1d19d4a2e9eb0ce3606eb48,0xc02aaa39b223fe8d0a0e5c4f27ead9083c756cc2,6,18,0x51c72848c68a965f66fa7a88855f9f7784502a7f,0x51c72848c68a965f66fa7a88855f9f7784502a7f,zero_for_one,16843538598,0,0,7728543632746751985,16843538598,-7728543632746751985,1699458584792424323246893569124349,1699458584792424323246893569124349,1459967087045783278,199479,199479
1773912167,24690608,0xdffc8262a76e4bf2d03e08d3cd99c4ed6769d1e8ec6706b99045ee65e8b8f557,16,0x8ad599c3a0ff1de082011efddc58f1908eb6e6d8,0xa0b86991c6218b36c1d19d4a2e9eb0ce3606eb48,0xc02aaa39b223fe8d0a0e5c4f27ead9083c756cc2,6,18,0xbdb3ba9ffe392549e1f8658dd2630c141fdf47b6,0xbdb3ba9ffe392549e1f8658dd2630c141fdf47b6,zero_for_one,117104946812,0,0,53627563337783694352,117104946812,-53627563337783694352,1696548373088976044373264243893686,1696548373088976044373264243893686,1459967087045783278,199445,199445
1773912383,24690626,0x9d6a1341605214bae2bc8188277d4037df026805709cfa50f61a3c6b94512d0e,491,0x8ad599c3a0ff1de082011efddc58f1908eb6e6d8,0xa0b86991c6218b36c1d19d4a2e9eb0ce3606eb48,0xc02aaa39b223fe8d0a0e5c4f27ead9083c756cc2,6,18,0x99719e434ec7e5bf587599e4ca55817b3baceb8a,0x99719e434ec7e5bf587599e4ca55817b3baceb8a,zero_for_one,201216,0,0,91987800139985,201216,-91987800139985,1696548368097065991409220203218789,1696548368097065991409220203218789,1459967087045783278,199445,199445
1773913103,24690686,0xee799e8c0dfd4ed1fef28b22627cbd5a6e70e61c13e2284f61231a9f7a5554ee,314,0x8ad599c3a0ff1de082011efddc58f1908eb6e6d8,0xa0b86991c6218b36c1d19d4a2e9eb0ce3606eb48,0xc02aaa39b223fe8d0a0e5c4f27ead9083c756cc2,6,18,0x0708b29cfaba8e551c710991026c38e9179dce1e,0x0708b29cfaba8e551c710991026c38e9179dce1e,zero_for_one,150632,0,0,68862918239958,150632,-68862918239958,1696548364361236505813995407963582,1696548364361236505813995407963582,1460420637119261092,199445,199445
1773913799,24690744,0x1875423931fade23091fa16c1936a17f8f2eb7aca37f7fc4305ba45626803c2a,99,0x8ad599c3a0ff1de082011efddc58f1908eb6e6d8,0xa0b86991c6218b36c1d19d4a2e9eb0ce3606eb48,0xc02aaa39b223fe8d0a0e5c4f27ead9083c756cc2,6,18,0xbdb3ba9ffe392549e1f8658dd2630c141fdf47b6,0xbdb3ba9ffe392549e1f8658dd2630c141fdf47b6,zero_for_one,8162146915,0,0,3730964112999487432,8162146915,-3730964112999487432,1696345958681964067292537537529228,1696345958681964067292537537529228,1460420637119261092,199443,199443
1773913811,24690745,0x64c32a763981b1467ae1d12e0fb034d90d38b2986b5b04906edd4f5d959bffaf,797,0x8ad599c3a0ff1de082011efddc58f1908eb6e6d8,0xa0b86991c6218b36c1d19d4a2e9eb0ce3606eb48,0xc02aaa39b223fe8d0a0e5c4f27ead9083c756cc2,6,18,0x06cff7088619c7178f5e14f0b119458d08d2f5ef,0x06cff7088619c7178f5e14f0b119458d08d2f5ef,zero_for_one,88114,0,0,40272307207193,88114,-40272307207193,1696345956497181944157316515484783,1696345956497181944157316515484783,1460420637119261092,199443,199443
1773913835,24690747,0xbcd48ac6a87a05e8020baf50f1a521dc570035893cf136361c64577b3706213a,142,0x8ad599c3a0ff1de082011efddc58f1908eb6e6d8,0xa0b86991c6218b36c1d19d4a2e9eb0ce3606eb48,0xc02aaa39b223fe8d0a0e5c4f27ead9083c756cc2,6,18,0x06cff7088619c7178f5e14f0b119458d08d2f5ef,0x06cff7088619c7178f5e14f0b119458d08d2f5ef,zero_for_one,1149467,0,0,525364979978090,1149467,-525364979978090,1696345927996008408899820994635527,1696345927996008408899820994635527,1460420637119261092,199443,199443
1773913907,24690753,0x62429c20a050c66c6bbb2102bfac677d9552c1ab7247e915970517b7fdaf012b,47,0x8ad599c3a0ff1de082011efddc58f1908eb6e6d8,0xa0b86991c6218b36c1d19d4a2e9eb0ce3606eb48,0xc02aaa39b223fe8d0a0e5c4f27ead9083c756cc2,6,18,0xbdb3ba9ffe392549e1f8658dd2630c141fdf47b6,0xbdb3ba9ffe392549e1f8658dd2630c141fdf47b6,zero_for_one,8996889130,0,0,4111498084434719920,8996889130,-4111498084434719920,1696122878259424825308606857832034,1696122878259424825308606857832034,1460420637119261092,199440,199440
1773913919,24690754,0x5d7b9c2e45d4cca2886c355fc64aeebb6de3826c0417af7824e19da0d6ebdcb2,19,0x8ad599c3a0ff1de082011efddc58f1908eb6e6d8,0xa0b86991c6218b36c1d19d4a2e9eb0ce3606eb48,0xc02aaa39b223fe8d0a0e5c4f27ead9083c756cc2,6,18,0xd226997439ecfbeff8e110c8c78c8a7eefd19f89,0xd226997439ecfbeff8e110c8c78c8a7eefd19f89,zero_for_one,4798799,0,0,2192719554939999,4798799,-2192719554939999,1696122759303874053531274019235945,1696122759303874053531274019235945,1460420637119261092,199440,199440
1773913919,24690754,0x0645b511294970104a9b4b313e16dbfc2141ec05f0e6aa09fede1eca7d4482e6,45,0x8ad599c3a0ff1de082011efddc58f1908eb6e6d8,0xa0b86991c6218b36c1d19d4a2e9eb0ce3606eb48,0xc02aaa39b223fe8d0a0e5c4f27ead9083c756cc2,6,18,0x06cff7088619c7178f5e14f0b119458d08d2f5ef,0x06cff7088619c7178f5e14f0b119458d08d2f5ef,zero_for_one,3184037,0,0,1454884504175556,3184037,-1454884504175556,1696122680376048051512901139904725,1696122680376048051512901139904725,1460420637119261092,199440,199440
1773914207,24690778,0xc30d82eebbf60956a9b4e7ca14e2eb3ce5c027010650dc49da466ba6ef247b5a,34,0x8ad599c3a0ff1de082011efddc58f1908eb6e6d8,0xa0b86991c6218b36c1d19d4a2e9eb0ce3606eb48,0xc02aaa39b223fe8d0a0e5c4f27ead9083c756cc2,6,18,0xbdb3ba9ffe392549e1f8658dd2630c141fdf47b6,0xbdb3ba9ffe392549e1f8658dd2630c141fdf47b6,zero_for_one,14939855316,0,0,6825017214357809927,14939855316,-6825017214357809927,1695759641346875284780106019274551,1695759641346875284780106019274551,1492820133712985253,199436,199436
1773914219,24690779,0xbba404f910e4135eca2a71e5aa76048b0377a4946505d80ab0e52da250c195c8,6,0x8ad599c3a0ff1de082011efddc58f1908eb6e6d8,0xa0b86991c6218b36c1d19d4a2e9eb0ce3606eb48,0xc02aaa39b223fe8d0a0e5c4f27ead9083c756cc2,6,18,0x7cda585e917fecb3a33c6d5a8f8a15dd956694dc,0x01989c93890aed05a63d179b03424997075b6acf,zero_for_one,7250559631,0,0,3311243354849676103,7250559631,-3311243354849676103,1695583904350355952529408370981129,1695583904350355952529408370981129,1492820133712985253,199434,199434
1773914231,24690780,0x2c515238afd64c1ff30ed93206dce9ad10adbb547d2a20f0793aecf2bd7edab9,98,0x8ad599c3a0ff1de082011efddc58f1908eb6e6d8,0xa0b86991c6218b36c1d19d4a2e9eb0ce3606eb48,0xc02aaa39b223fe8d0a0e5c4f27ead9083c756cc2,6,18,0xbdb3ba9ffe392549e1f8658dd2630c141fdf47b6,0xbdb3ba9ffe392549e1f8658dd2630c141fdf47b6,zero_for_one,2898369914,0,0,1323458669692011930,2898369914,-1323458669692011930,1695513664677005304493775100288628,1695513664677005304493775100288628,1492820133712985253,199433,199433
1773914255,24690782,0xfa723d0d622268a263cdf67ae6efdf70f5795f91e9336fd339815c3734bac91d,29,0x8ad599c3a0ff1de082011efddc58f1908eb6e6d8,0xa0b86991c6218b36c1d19d4a2e9eb0ce3606eb48,0xc02aaa39b223fe8d0a0e5c4f27ead9083c756cc2,6,18,0xbdb3ba9ffe392549e1f8658dd2630c141fdf47b6,0xbdb3ba9ffe392549e1f8658dd2630c141fdf47b6,zero_for_one,6344741685,0,0,2896764192208792357,6344741685,-2896764192208792357,1695359925255220452455825090194974,1695359925255220452455825090194974,1492820133712985253,199431,199431
1773914339,24690789,0xd49b4b12142954a1ee078d0d140ca860e82ef6842c82fd45546da77432d28861,311,0x8ad599c3a0ff1de082011efddc58f1908eb6e6d8,0xa0b86991c6218b36c1d19d4a2e9eb0ce3606eb48,0xc02aaa39b223fe8d0a0e5c4f27ead9083c756cc2,6,18,0x06cff7088619c7178f5e14f0b119458d08d2f5ef,0x06cff7088619c7178f5e14f0b119458d08d2f5ef,zero_for_one,193554,0,0,88361118797175,193554,-88361118797175,1695359920565647394117917195500600,1695359920565647394117917195500600,1492820133712985253,199431,199431
1773914363,24690791,0x00304f1ccc84bb191886a63903fab77a37f87f7cdb7b22fec533cd403953f1fc,810,0x8ad599c3a0ff1de082011efddc58f1908eb6e6d8,0xa0b86991c6218b36c1d19d4a2e9eb0ce3606eb48,0xc02aaa39b223fe8d0a0e5c4f27ead9083c756cc2,6,18,0xd226997439ecfbeff8e110c8c78c8a7eefd19f89,0xd226997439ecfbeff8e110c8c78c8a7eefd19f89,zero_for_one,5072762,0,0,2315816845936444,5072762,-2315816845936444,1695359797658734980783723080101341,1695359797658734980783723080101341,1492820133712985253,199431,199431
1773914387,24690793,0x65c5eeaa86438ffd5550b69bdeb7e5b4b9b90d94bc1f75981ecee969f1030c52,197,0x8ad599c3a0ff1de082011efddc58f1908eb6e6d8,0xa0b86991c6218b36c1d19d4a2e9eb0ce3606eb48,0xc02aaa39b223fe8d0a0e5c4f27ead9083c756cc2,6,18,0x06cff7088619c7178f5e14f0b119458d08d2f5ef,0x06cff7088619c7178f5e14f0b119458d08d2f5ef,zero_for_one,178333,0,0,81412569833682,178333,-81412569833682,1695359793337940956225781516381635,1695359793337940956225781516381635,1492820133712985253,199431,199431
1773914435,24690797,0x34154c5adb1626102ce621eec425526687f7b6cd537638b1ba0ed2e5e578d534,109,0x8ad599c3a0ff1de082011efddc58f1908eb6e6d8,0xa0b86991c6218b36c1d19d4a2e9eb0ce3606eb48,0xc02aaa39b223fe8d0a0e5c4f27ead9083c756cc2,6,18,0xbdb3ba9ffe392549e1f8658dd2630c141fdf47b6,0xbdb3ba9ffe392549e1f8658dd2630c141fdf47b6,zero_for_one,1850630426,0,0,844827342977331924,1850630426,-844827342977331924,1695314955975077004409380694130780,1695314955975077004409380694130780,1492820133712985253,199430,199430
1773914435,24690797,0xd2eb786edd025316900b3c759db04895c5afd917c79eef808408628cb07a65cc,214,0x8ad599c3a0ff1de082011efddc58f1908eb6e6d8,0xa0b86991c6218b36c1d19d4a2e9eb0ce3606eb48,0xc02aaa39b223fe8d0a0e5c4f27ead9083c756cc2,6,18,0x15893515f06036b37775cef10477fb4b85be3ee6,0x15893515f06036b37775cef10477fb4b85be3ee6,zero_for_one,3615156109,0,0,1650218290573502405,3615156109,-1650218290573502405,1695227374249752615004845692157952,1695227374249752615004845692157952,1492820133712985253,199429,199429
1773914663,24690816,0x6ec09e5d1b2705d18c83fd9bfcce1462733c0cc7453727891eeadffeebf81aa2,465,0x8ad599c3a0ff1de082011efddc58f1908eb6e6d8,0xa0b86991c6218b36c1d19d4a2e9eb0ce3606eb48,0xc02aaa39b223fe8d0a0e5c4f27ead9083c756cc2,6,18,0xd226997439ecfbeff8e110c8c78c8a7eefd19f89,0xd226997439ecfbeff8e110c8c78c8a7eefd19f89,zero_for_one,98001,0,0,44731965292772,98001,-44731965292772,1695227371875701424401347093358963,1695227371875701424401347093358963,1492820133712985253,199429,199429
1773914723,24690821,0xec79d2e39d2a52a586fd401973cc6e8a28a15ed1f2998796c762769cac2bcf9e,192,0x8ad599c3a0ff1de082011efddc58f1908eb6e6d8,0xa0b86991c6218b36c1d19d4a2e9eb0ce3606eb48,0xc02aaa39b223fe8d0a0e5c4f27ead9083c756cc2,6,18,0x06cff7088619c7178f5e14f0b119458d08d2f5ef,0x06cff7088619c7178f5e14f0b119458d08d2f5ef,zero_for_one,835826,0,0,381511384729842,835826,-381511384729842,1695227351627819373642879934192783,1695227351627819373642879934192783,1492820133712985253,199429,199429
1773915107,24690853,0x6173e26cfa9ede1da2711387d0fa043b6517c5aa448b956ca8164b0e436e62d1,103,0x8ad599c3a0ff1de082011efddc58f1908eb6e6d8,0xa0b86991c6218b36c1d19d4a2e9eb0ce3606eb48,0xc02aaa39b223fe8d0a0e5c4f27ead9083c756cc2,6,18,0xa51eb971881af370c59acc19a130a226f1191c9e,0xa51eb971881af370c59acc19a130a226f1191c9e,zero_for_one,730122,0,0,333262881136869,730122,-333262881136869,1695227333940621090075028447994353,1695227333940621090075028447994353,1492820133712985253,199429,199429
1773915119,24690854,0xa70e0d31c9e574e569718ae0d8580af7a9456997e421acb330f8d3f1a262e07e,219,0x8ad599c3a0ff1de082011efddc58f1908eb6e6d8,0xa0b86991c6218b36c1d19d4a2e9eb0ce3606eb48,0xc02aaa39b223fe8d0a0e5c4f27ead9083c756cc2,6,18,0xd226997439ecfbeff8e110c8c78c8a7eefd19f89,0xd226997439ecfbeff8e110c8c78c8a7eefd19f89,zero_for_one,243302,0,0,111054814918745,243302,-111054814918745,1695227328046629760731407946681503,1695227328046629760731407946681503,1492820133712985253,199429,199429
1773915647,24690898,0xf726ca752f965f0a3f0d2a0ea455945cd151c3b63e2df8dc6a7705f0469cf67f,249,0x8ad599c3a0ff1de082011efddc58f1908eb6e6d8,0xa0b86991c6218b36c1d19d4a2e9eb0ce3606eb48,0xc02aaa39b223fe8d0a0e5c4f27ead9083c756cc2,6,18,0xd226997439ecfbeff8e110c8c78c8a7eefd19f89,0xd226997439ecfbeff8e110c8c78c8a7eefd19f89,zero_for_one,1422912,0,0,649486057952274,1422912,-649486057952274,1695227293577499682136580781344456,1695227293577499682136580781344456,1492860041227051862,199429,199429
1773915707,24690903,0x41d5beec38a06d08ab51b78e13bcd568817153efb443867e1e4474049792445d,143,0x8ad599c3a0ff1de082011efddc58f1908eb6e6d8,0xa0b86991c6218b36c1d19d4a2e9eb0ce3606eb48,0xc02aaa39b223fe8d0a0e5c4f27ead9083c756cc2,6,18,0xd226997439ecfbeff8e110c8c78c8a7eefd19f89,0xd226997439ecfbeff8e110c8c78c8a7eefd19f89,zero_for_one,197309,0,0,90061379715767,197309,-90061379715767,1695227288797816770592683227831841,1695227288797816770592683227831841,1492860041227051862,199429,199429
1773916619,24690979,0xaf3fe8b3eda5bc27a085a2663aff01e1a75b973c4ed461d81cd44f8db67554ea,146,0x8ad599c3a0ff1de082011efddc58f1908eb6e6d8,0xa0b86991c6218b36c1d19d4a2e9eb0ce3606eb48,0xc02aaa39b223fe8d0a0e5c4f27ead9083c756cc2,6,18,0x51c72848c68a965f66fa7a88855f9f7784502a7f,0x51c72848c68a965f66fa7a88855f9f7784502a7f,one_for_zero,0,1601767847569043968,3487998712,0,-3487998712,1601767847569043968,1695312041825209288428382316071393,1695312041825209288428382316071393,1492860041227051862,199430,199430
1773916631,24690980,0x209978b1bc8a7c2c8385a203f46ba5e3e50ed12eae48cb7bc751343da4c6deb2,42,0x8ad599c3a0ff1de082011efddc58f1908eb6e6d8,0xa0b86991c6218b36c1d19d4a2e9eb0ce3606eb48,0xc02aaa39b223fe8d0a0e5c4f27ead9083c756cc2,6,18,0x51c72848c68a965f66fa7a88855f9f7784502a7f,0x51c72848c68a965f66fa7a88855f9f7784502a7f,one_for_zero,0,1937146891385512960,4217851929,0,-4217851929,1937146891385512960,1695414540488669225457805854977758,1695414540488669225457805854977758,1492860041227051862,199432,199432
1773916847,24690998,0xe50c8945c8bd43731996065025de413271934427bb2d7f944b68df16dd6927c6,34,0x8ad599c3a0ff1de082011efddc58f1908eb6e6d8,0xa0b86991c6218b36c1d19d4a2e9eb0ce3606eb48,0xc02aaa39b223fe8d0a0e5c4f27ead9083c756cc2,6,18,0x51c72848c68a965f66fa7a88855f9f7784502a7f,0x51c72848c68a965f66fa7a88855f9f7784502a7f,one_for_zero,0,3081747200537781248,6708999527,0,-6708999527,3081747200537781248,1695577602448803080176846275410176,1695577602448803080176846275410176,1492860041227051862,199434,199434
1773916895,24691002,0x0767dab7595710cd12db45e909722f7d053da9116465083eb66f52dde973b0e5,29,0x8ad599c3a0ff1de082011efddc58f1908eb6e6d8,0xa0b86991c6218b36c1d19d4a2e9eb0ce3606eb48,0xc02aaa39b223fe8d0a0e5c4f27ead9083c756cc2,6,18,0x06cff7088619c7178f5e14f0b119458d08d2f5ef,0x06cff7088619c7178f5e14f0b119458d08d2f5ef,zero_for_one,127246,0,0,58105143029611,127246,-58105143029611,1695577599365082176855745457590527,1695577599365082176855745457590527,1492860041227051862,199434,199434
1773917159,24691024,0x23892f5134df538d16c6ed6542aa3914eb0cb2fe72e3ef9036b9bde9dca41967,48,0x8ad599c3a0ff1de082011efddc58f1908eb6e6d8,0xa0b86991c6218b36c1d19d4a2e9eb0ce3606eb48,0xc02aaa39b223fe8d0a0e5c4f27ead9083c756cc2,6,18,0x990636ecb3ff04d33d92e970d3d588bf5cd8d086,0x990636ecb3ff04d33d92e970d3d588bf5cd8d086,one_for_zero,0,1205432982000000000,2623890585,0,-2623890585,1205432982000000000,1695641371600574250555224650498265,1695641371600574250555224650498265,1493090633292776952,199434,199434
1773917411,24691045,0x35b288e43719052e48f6eace16d0841ad140ca68c05a103b005822d17eee199a,28,0x8ad599c3a0ff1de082011efddc58f1908eb6e6d8,0xa0b86991c6218b36c1d19d4a2e9eb0ce3606eb48,0xc02aaa39b223fe8d0a0e5c4f27ead9083c756cc2,6,18,0x51c72848c68a965f66fa7a88855f9f7784502a7f,0x51c72848c68a965f66fa7a88855f9f7784502a7f,one_for_zero,0,1711926113104393728,3726045361,0,-3726045361,1711926113104393728,1695731939352461035906193802592126,1695731939352461035906193802592126,1493090633292776952,199435,199435
1773917435,24691047,0x1c0837c59b13be4f85b8a62fc3a0d22c8a7b0f61200cc49124b85fad7a8bfb29,12,0x8ad599c3a0ff1de082011efddc58f1908eb6e6d8,0xa0b86991c6218b36c1d19d4a2e9eb0ce3606eb48,0xc02aaa39b223fe8d0a0e5c4f27ead9083c756cc2,6,18,0x51c72848c68a965f66fa7a88855f9f7784502a7f,0x51c72848c68a965f66fa7a88855f9f7784502a7f,one_for_zero,0,3548607719062931968,7722356376,0,-7722356376,3548607719062931968,1695919674921761289054208202385879,1695919674921761289054208202385879,1493090633292776952,199438,199438
1773917447,24691048,0xdf4b4ae3d4f46fc2269e9e8eb1461c6d933ebc0d602cf9f77ad848addd635f63,115,0x8ad599c3a0ff1de082011efddc58f1908eb6e6d8,0xa0b86991c6218b36c1d19d4a2e9eb0ce3606eb48,0xc02aaa39b223fe8d0a0e5c4f27ead9083c756cc2,6,18,0x51c72848c68a965f66fa7a88855f9f7784502a7f,0x51c72848c68a965f66fa7a88855f9f7784502a7f,one_for_zero,0,577625464025198208,1256846596,0,-1256846596,577625464025198208,1695950233623628659466854144991278,1695950233623628659466854144991278,1493090633292776952,199438,199438
1773917471,24691050,0x24324fd184d6b2cfd7f039980fb4e09775d97d1e11fc3ed382e1ffca4ffba990,115,0x8ad599c3a0ff1de082011efddc58f1908eb6e6d8,0xa0b86991c6218b36c1d19d4a2e9eb0ce3606eb48,0xc02aaa39b223fe8d0a0e5c4f27ead9083c756cc2,6,18,0x68b3465833fb72a70ecdf485e0e4c7bd8665fc45,0xd1ee705d774d59541d3d395e72a16e48389df7c7,one_for_zero,0,2488342188343937,5414248,0,-5414248,2488342188343937,1695950365266902395552121877052158,1695950365266902395552121877052158,1493090633292776952,199438,199438
1773917483,24691051,0xb98a7093396377038ba1099cf890d349ab611b6500a1fcbcf6ceaa5dac514354,401,0x8ad599c3a0ff1de082011efddc58f1908eb6e6d8,0xa0b86991c6218b36c1d19d4a2e9eb0ce3606eb48,0xc02aaa39b223fe8d0a0e5c4f27ead9083c756cc2,6,18,0x51c72848c68a965f66fa7a88855f9f7784502a7f,0x51c72848c68a965f66fa7a88855f9f7784502a7f,one_for_zero,0,870182525015514752,1893331319,0,-1893331319,870182525015514752,1695996401409711682580298986511480,1695996401409711682580298986511480,1493090633292776952,199438,199438
1773917507,24691053,0x1c60f83ffa31e11158d586ef5381f2d16d1ad515095c74b6430433bfc93c6146,35,0x8ad599c3a0ff1de082011efddc58f1908eb6e6d8,0xa0b86991c6218b36c1d19d4a2e9eb0ce3606eb48,0xc02aaa39b223fe8d0a0e5c4f27ead9083c756cc2,6,18,0xd226997439ecfbeff8e110c8c78c8a7eefd19f89,0xd226997439ecfbeff8e110c8c78c8a7eefd19f89,zero_for_one,10008140,0,0,4572346433585197,10008140,-4572346433585197,1695996158786391815720958480110967,1695996158786391815720958480110967,1493090633292776952,199438,199438
1773917543,24691056,0x9fc5dcd9df66620926f74445c6ed35e4637a7647d7bed37e18e727ab58827ea0,8,0x8ad599c3a0ff1de082011efddc58f1908eb6e6d8,0xa0b86991c6218b36c1d19d4a2e9eb0ce3606eb48,0xc02aaa39b223fe8d0a0e5c4f27ead9083c756cc2,6,18,0x5050e08626c499411b5d0e0b5af0e83d3fd82edf,0x5050e08626c499411b5d0e0b5af0e83d3fd82edf,one_for_zero,0,7244351351407791960,15758130393,0,-15758130393,7244351351407791960,1696385942721663521328278777479260,1696385942721663521328278777479260,1460691136699052791,199443,199443
1773917555,24691057,0x30dc378c021a3dc01ffc7e941439b1ec6d9b5417ffdae78935b8cab09d424459,14,0x8ad599c3a0ff1de082011efddc58f1908eb6e6d8,0xa0b86991c6218b36c1d19d4a2e9eb0ce3606eb48,0xc02aaa39b223fe8d0a0e5c4f27ead9083c756cc2,6,18,0x51c72848c68a965f66fa7a88855f9f7784502a7f,0x51c72848c68a965f66fa7a88855f9f7784502a7f,one_for_zero,0,5065634163971207168,11014599050,0,-11014599050,5065634163971207168,1696659879390455000465908402542984,1696659879390455000465908402542984,1460691136699052791,199446,199446
1773917591,24691060,0x73603ef11621126c8228319da44d4ade56911bc46825c867d6aed547f2ba4a61,226,0x8ad599c3a0ff1de082011efddc58f1908eb6e6d8,0xa0b86991c6218b36c1d19d4a2e9eb0ce3606eb48,0xc02aaa39b223fe8d0a0e5c4f27ead9083c756cc2,6,18,0x365084b05fa7d5028346bd21d842ed0601bab5b8,0x365084b05fa7d5028346bd21d842ed0601bab5b8,one_for_zero,0,237665361953211777,516686775,0,-516686775,237665361953211777,1696672731731432096347033314922297,1696672731731432096347033314922297,1460691136699052791,199446,199446
1773917651,24691065,0x3461800f3ba7f87707659dce9e4be488895894d76f6cd88e8b0574c3df92b491,228,0x8ad599c3a0ff1de082011efddc58f1908eb6e6d8,0xa0b86991c6218b36c1d19d4a2e9eb0ce3606eb48,0xc02aaa39b223fe8d0a0e5c4f27ead9083c756cc2,6,18,0x06cff7088619c7178f5e14f0b119458d08d2f5ef,0x06cff7088619c7178f5e14f0b119458d08d2f5ef,zero_for_one,133509,0,0,61043742243137,133509,-61043742243137,1696672728420408013700988772187227,1696672728420408013700988772187227,1460691136699052791,199446,199446
1773917843,24691081,0x90abe56bbd7e350b85351370fa33a78a74f867a7d7add9c37b3544f50c07e947,25,0x8ad599c3a0ff1de082011efddc58f1908eb6e6d8,0xa0b86991c6218b36c1d19d4a2e9eb0ce3606eb48,0xc02aaa39b223fe8d0a0e5c4f27ead9083c756cc2,6,18,0x51c72848c68a965f66fa7a88855f9f7784502a7f,0x51c72848c68a965f66fa7a88855f9f7784502a7f,one_for_zero,0,5276992591099977728,11470216443,0,-11470216443,5276992591099977728,1696958094817753611752672166729220,1696958094817753611752672166729220,1460691136699052791,199450,199450
1773917987,24691093,0x08acd33abd5d8798fcf2d30f1f25288f74691dd21119d03862889a86ef3a084f,31,0x8ad599c3a0ff1de082011efddc58f1908eb6e6d8,0xa0b86991c6218b36c1d19d4a2e9eb0ce3606eb48,0xc02aaa39b223fe8d0a0e5c4f27ead9083c756cc2,6,18,0x51c72848c68a965f66fa7a88855f9f7784502a7f,0x51c72848c68a965f66fa7a88855f9f7784502a7f,one_for_zero,0,2044516930721412608,4442981517,0,-4442981517,2044516930721412608,1697068657116403804310277176693111,1697068657116403804310277176693111,1460691136699052791,199451,199451
1773918023,24691096,0xd9874c8b6c6b73a3bed6efb85ae6710e9357c41b5c133c94ec92cadc613bf4a4,96,0x8ad599c3a0ff1de082011efddc58f1908eb6e6d8,0xa0b86991c6218b36c1d19d4a2e9eb0ce3606eb48,0xc02aaa39b223fe8d0a0e5c4f27ead9083c756cc2,6,18,0x51c72848c68a965f66fa7a88855f9f7784502a7f,0x51c72848c68a965f66fa7a88855f9f7784502a7f,one_for_zero,0,2470416020950022656,5367739229,0,-5367739229,2470416020950022656,1697202250959425745183284349226439,1697202250959425745183284349226439,1460691136699052791,199453,199453
1773918047,24691098,0xacf9956d1485759fb7bc117408f8525f239f2811f75ba0ee619bb3cbba84e449,204,0x8ad599c3a0ff1de082011efddc58f1908eb6e6d8,0xa0b86991c6218b36c1d19d4a2e9eb0ce3606eb48,0xc02aaa39b223fe8d0a0e5c4f27ead9083c756cc2,6,18,0xf48a3f7c0575c85cf4529aa220caf3c055773f1c,0xf48a3f7c0575c85cf4529aa220caf3c055773f1c,one_for_zero,0,5220750000000000,11342791,0,-11342791,5220750000000000,1697202533284366177112123200050748,1697202533284366177112123200050748,1460691136699052791,199453,199453
1773918107,24691103,0x1532d0ad57799e3d9e9905cd91c7ac8795f3cef365726e145f6ea20f2509f927,259,0x8ad599c3a0ff1de082011efddc58f1908eb6e6d8,0xa0b86991c6218b36c1d19d4a2e9eb0ce3606eb48,0xc02aaa39b223fe8d0a0e5c4f27ead9083c756cc2,6,18,0xf48a3f7c0575c85cf4529aa220caf3c055773f1c,0xf48a3f7c0575c85cf4529aa220caf3c055773f1c,one_for_zero,0,624945075000000000,1357751168,0,-1357751168,624945075000000000,1697236328731585944827602832538741,1697236328731585944827602832538741,1460691136699052791,199453,199453
1773918323,24691121,0x8f35a82f4bf80e4bb5af100b9cd8b9ae779cabdf0f6f729f98edc75e77c40caa,31,0x8ad599c3a0ff1de082011efddc58f1908eb6e6d8,0xa0b86991c6218b36c1d19d4a2e9eb0ce3606eb48,0xc02aaa39b223fe8d0a0e5c4f27ead9083c756cc2,6,18,0x51c72848c68a965f66fa7a88855f9f7784502a7f,0x51c72848c68a965f66fa7a88855f9f7784502a7f,one_for_zero,0,2536548592178341376,5510332124,0,-5510332124,2536548592178341376,1697373498856604274222065328040424,1697373498856604274222065328040424,1460691136699052791,199455,199455
1773918335,24691122,0x9ccc9e8b42d5be36965fc95bf1b37073468a7533a7c08b19126aba027e60c746,115,0x8ad599c3a0ff1de082011efddc58f1908eb6e6d8,0xa0b86991c6218b36c1d19d4a2e9eb0ce3606eb48,0xc02aaa39b223fe8d0a0e5c4f27ead9083c756cc2,6,18,0x51c72848c68a965f66fa7a88855f9f7784502a7f,0x51c72848c68a965f66fa7a88855f9f7784502a7f,one_for_zero,0,3813317005966322688,8282274917,0,-8282274917,3813317005966322688,1697579713384508790485284659181503,1697579713384508790485284659181503,1460691136699052791,199457,199457
1773918347,24691123,0x2270897fca63a681f448bbbd92d20e0ea3a5807a8fae54a53900675495611363,17,0x8ad599c3a0ff1de082011efddc58f1908eb6e6d8,0xa0b86991c6218b36c1d19d4a2e9eb0ce3606eb48,0xc02aaa39b223fe8d0a0e5c4f27ead9083c756cc2,6,18,0x51c72848c68a965f66fa7a88855f9f7784502a7f,0x51c72848c68a965f66fa7a88855f9f7784502a7f,one_for_zero,0,13463163943237632000,29225024749,0,-29225024749,13463163943237632000,1698307767200205741427084782824390,1698307767200205741427084782824390,1460691136699052791,199466,199466
1773918635,24691147,0x4c672061b9a0f503e2e1fe37c8598d71f6ce4fa2c0d57977814a6d329cabcfe5,285,0x8ad599c3a0ff1de082011efddc58f1908eb6e6d8,0xa0b86991c6218b36c1d19d4a2e9eb0ce3606eb48,0xc02aaa39b223fe8d0a0e5c4f27ead9083c756cc2,6,18,0xd226997439ecfbeff8e110c8c78c8a7eefd19f89,0xd226997439ecfbeff8e110c8c78c8a7eefd19f89,zero_for_one,76431,0,0,35013400738910,76431,-35013400738910,1698307765301092199927861078311170,1698307765301092199927861078311170,1460706452405956905,199466,199466
1773918671,24691150,0xc705eeabc22b68cf6b99b2ccb40895717f4ddc519551b28a8b392143125d9ae7,144,0x8ad599c3a0ff1de082011efddc58f1908eb6e6d8,0xa0b86991c6218b36c1d19d4a2e9eb0ce3606eb48,0xc02aaa39b223fe8d0a0e5c4f27ead9083c756cc2,6,18,0x51c72848c68a965f66fa7a88855f9f7784502a7f,0x51c72848c68a965f66fa7a88855f9f7784502a7f,one_for_zero,0,1245226933155510784,2701797659,0,-2701797659,1245226933155510784,1698375103314516930046462420108698,1698375103314516930046462420108698,1460706452405956905,199466,199466
1773918683,24691151,0x6998fcca254bef9af0449b71427f61d3b50d7f19ac93f2ac4b798b84e9c95a74,18,0x8ad599c3a0ff1de082011efddc58f1908eb6e6d8,0xa0b86991c6218b36c1d19d4a2e9eb0ce3606eb48,0xc02aaa39b223fe8d0a0e5c4f27ead9083c756cc2,6,18,0x5050e08626c499411b5d0e0b5af0e83d3fd82edf,0x5050e08626c499411b5d0e0b5af0e83d3fd82edf,one_for_zero,0,5006293206579535397,10860108288,0,-10860108288,5006293206579535397,1698645828135974584238053007331571,1698645828135974584238053007331571,1460706452405956905,199470,199470
1773918719,24691154,0xcdd44f01c81331c947023015645668060bd2f755a6c696ee52a60a2c8fbec946,15,0x8ad599c3a0ff1de082011efddc58f1908eb6e6d8,0xa0b86991c6218b36c1d19d4a2e9eb0ce3606eb48,0xc02aaa39b223fe8d0a0e5c4f27ead9083c756cc2,6,18,0x51c72848c68a965f66fa7a88855f9f7784502a7f,0x51c72848c68a965f66fa7a88855f9f7784502a7f,one_for_zero,0,10040318323907551232,21769945412,0,-21769945412,10040318323907551232,1699188777434678369998030416280750,1699188777434678369998030416280750,1460706452405956905,199476,199476
1773918911,24691170,0xd0ed98418ebcd9a9b6a9db890f643c912d02a8eaa36e48e06c9dc4549941f49a,135,0x8ad599c3a0ff1de082011efddc58f1908eb6e6d8,0xa0b86991c6218b36c1d19d4a2e9eb0ce3606eb48,0xc02aaa39b223fe8d0a0e5c4f27ead9083c756cc2,6,18,0xd226997439ecfbeff8e110c8c78c8a7eefd19f89,0xd226997439ecfbeff8e110c8c78c8a7eefd19f89,zero_for_one,76266,0,0,34974302964246,76266,-34974302964246,1699188775537685476928802872598715,1699188775537685476928802872598715,1460706452405956905,199476,199476
1773919007,24691178,0x0e85463272339b836165481e0e432c8439b022552dbf38409f68c96225c7b0b9,139,0x8ad599c3a0ff1de082011efddc58f1908eb6e6d8,0xa0b86991c6218b36c1d19d4a2e9eb0ce3606eb48,0xc02aaa39b223fe8d0a0e5c4f27ead9083c756cc2,6,18,0xd226997439ecfbeff8e110c8c78c8a7eefd19f89,0xd226997439ecfbeff8e110c8c78c8a7eefd19f89,zero_for_one,193057,0,0,88532541856066,193057,-88532541856066,1699188770735714073009798569365591,1699188770735714073009798569365591,1460706452405956905,199476,199476
1773919067,24691183,0x9f6806139cba96ee462210f7fd41f785a4efac19aa9f9022e9d9df5cbfca2adb,941,0x8ad599c3a0ff1de082011efddc58f1908eb6e6d8,0xa0b86991c6218b36c1d19d4a2e9eb0ce3606eb48,0xc02aaa39b223fe8d0a0e5c4f27ead9083c756cc2,6,18,0xe592427a0aece92de3edee1f18e0157c05861564,0xd9270fa1225407eaa3a68583e6d5bbcf9c767262,one_for_zero,0,1000000000000000,2167559,0,-2167559,1000000000000000,1699188824812614942869619844149155,1699188824812614942869619844149155,1460706452405956905,199476,199476
1773919127,24691188,0x72ffc0cb0935a6716f3bad0760c787d25bafb6719900b07394e6d0e65383d03c,901,0x8ad599c3a0ff1de082011efddc58f1908eb6e6d8,0xa0b86991c6218b36c1d19d4a2e9eb0ce3606eb48,0xc02aaa39b223fe8d0a0e5c4f27ead9083c756cc2,6,18,0xe592427a0aece92de3edee1f18e0157c05861564,0xd9270fa1225407eaa3a68583e6d5bbcf9c767262,one_for_zero,0,1000000000000000,2167559,0,-2167559,1000000000000000,1699188878889515812729441118932719,1699188878889515812729441118932719,1460706452405956905,199476,199476
1773919187,24691193,0xde4f8504bcade3bc4f0d18f5a4b123200afa0702afb82bc54e1e751ff1039b69,966,0x8ad599c3a0ff1de082011efddc58f1908eb6e6d8,0xa0b86991c6218b36c1d19d4a2e9eb0ce3606eb48,0xc02aaa39b223fe8d0a0e5c4f27ead9083c756cc2,6,18,0xe592427a0aece92de3edee1f18e0157c05861564,0xd9270fa1225407eaa3a68583e6d5bbcf9c767262,one_for_zero,0,1000000000000000,2167559,0,-2167559,1000000000000000,1699188932966416682589262393716283,1699188932966416682589262393716283,1460706452405956905,199476,199476
1773919307,24691203,0x1d0e9afd7d893e7a565bb8c7bbccdc55924e1ffc0852c0dc19a560f0087a4e45,278,0x8ad599c3a0ff1de082011efddc58f1908eb6e6d8,0xa0b86991c6218b36c1d19d4a2e9eb0ce3606eb48,0xc02aaa39b223fe8d0a0e5c4f27ead9083c756cc2,6,18,0xe592427a0aece92de3edee1f18e0157c05861564,0xd9270fa1225407eaa3a68583e6d5bbcf9c767262,one_for_zero,0,1000000000000000,2167559,0,-2167559,1000000000000000,1699188987043317552449083668499847,1699188987043317552449083668499847,1460706452405956905,199476,199476
1773919403,24691211,0x72bb85d6c7f83123882b62cd6809c32eaffd86cb7cf932e94f9b851d97c7b8c0,389,0x8ad599c3a0ff1de082011efddc58f1908eb6e6d8,0xa0b86991c6218b36c1d19d4a2e9eb0ce3606eb48,0xc02aaa39b223fe8d0a0e5c4f27ead9083c756cc2,6,18,0xe592427a0aece92de3edee1f18e0157c05861564,0xd9270fa1225407eaa3a68583e6d5bbcf9c767262,one_for_zero,0,1000000000000000,2167559,0,-2167559,1000000000000000,1699189041120218422308904943283411,1699189041120218422308904943283411,1460706452405956905,199476,199476
1773919415,24691212,0xd4636ec1b29918ca50354b3f0d8edfb1d703158d5d7d80399d053d9cd6afd1b0,27,0x8ad599c3a0ff1de082011efddc58f1908eb6e6d8,0xa0b86991c6218b36c1d19d4a2e9eb0ce3606eb48,0xc02aaa39b223fe8d0a0e5c4f27ead9083c756cc2,6,18,0x06cff7088619c7178f5e14f0b119458d08d2f5ef,0x06cff7088619c7178f5e14f0b119458d08d2f5ef,zero_for_one,7950140,0,0,3645810420644797,7950140,-3645810420644797,1699188843372847602338350592327374,1699188843372847602338350592327374,1460706452405956905,199476,199476
1773919415,24691212,0xb0886602ab7f7c60b89fe5f50ac549eaac5bbd80e1bfe3bee023f9031f403101,82,0x8ad599c3a0ff1de082011efddc58f1908eb6e6d8,0xa0b86991c6218b36c1d19d4a2e9eb0ce3606eb48,0xc02aaa39b223fe8d0a0e5c4f27ead9083c756cc2,6,18,0x06cff7088619c7178f5e14f0b119458d08d2f5ef,0x06cff7088619c7178f5e14f0b119458d08d2f5ef,unknown,1,0,0,0,1,0,1699188843372847602338350592327374,1699188843372847602338350592327374,1460706452405956905,199476,199476
1773919415,24691212,0xcfd630e2e1cedc6271a6e468111e09794cb7857c502e9183f99978a9a0c3af65,109,0x8ad599c3a0ff1de082011efddc58f1908eb6e6d8,0xa0b86991c6218b36c1d19d4a2e9eb0ce3606eb48,0xc02aaa39b223fe8d0a0e5c4f27ead9083c756cc2,6,18,0xd226997439ecfbeff8e110c8c78c8a7eefd19f89,0xd226997439ecfbeff8e110c8c78c8a7eefd19f89,zero_for_one,3880434,0,0,1779506115183395,3880434,-1779506115183395,1699188746853112609277326049622261,1699188746853112609277326049622261,1460706452405956905,199476,199476
1773919427,24691213,0xcfa2925c7d1ba9b79ac0c363080868bb15bd86c0e65971b19d12e2e4b4ae969a,43,0x8ad599c3a0ff1de082011efddc58f1908eb6e6d8,0xa0b86991c6218b36c1d19d4a2e9eb0ce3606eb48,0xc02aaa39b223fe8d0a0e5c4f27ead9083c756cc2,6,18,0xfc9642049d1151868e45946330215e3df3ae69c2,0x16b409bde0c9af0298f4f48c35d14eded962ec5c,one_for_zero,0,67059312500000,145355,0,-145355,67059312500000,1699188750479472403740777635682120,1699188750479472403740777635682120,1460706452405956905,199476,199476
1773919451,24691215,0xe09072496ee0a170f48c416ead31f7a9d77ccbdcd186244501fab4302757bcc1,46,0x8ad599c3a0ff1de082011efddc58f1908eb6e6d8,0xa0b86991c6218b36c1d19d4a2e9eb0ce3606eb48,0xc02aaa39b223fe8d0a0e5c4f27ead9083c756cc2,6,18,0x06cff7088619c7178f5e14f0b119458d08d2f5ef,0x06cff7088619c7178f5e14f0b119458d08d2f5ef,zero_for_one,2,0,0,459964252,2,-459964252,1699188750479447455454614309255439,1699188750479447455454614309255439,1460706452405956905,199476,199476
1773919451,24691215,0x34d5a46a64b705040979e6f4fa41eb537948f8109dacd3395e877ce71e5dcbca,77,0x8ad599c3a0ff1de082011efddc58f1908eb6e6d8,0xa0b86991c6218b36c1d19d4a2e9eb0ce3606eb48,0xc02aaa39b223fe8d0a0e5c4f27ead9083c756cc2,6,18,0x06cff7088619c7178f5e14f0b119458d08d2f5ef,0x06cff7088619c7178f5e14f0b119458d08d2f5ef,zero_for_one,6693401,0,0,3069488347051770,6693401,-3069488347051770,1699188583991566748625632414094493,1699188583991566748625632414094493,1460706452405956905,199476,199476
1773919463,24691216,0xcf228ca06ae0753e878ed511983cfa5703899fa8a32bf88cf33601ded703c66f,88,0x8ad599c3a0ff1de082011efddc58f1908eb6e6d8,0xa0b86991c6218b36c1d19d4a2e9eb0ce3606eb48,0xc02aaa39b223fe8d0a0e5c4f27ead9083c756cc2,6,18,0xd226997439ecfbeff8e110c8c78c8a7eefd19f89,0xd226997439ecfbeff8e110c8c78c8a7eefd19f89,unknown,1,0,0,0,1,0,1699188583991566748625632414094493,1699188583991566748625632414094493,1460706452405956905,199476,199476
1773919463,24691216,0x7814a3784a69a8dc899af03f3a72929873f072929dd2ed78407b4cf7e2130c27,720,0x8ad599c3a0ff1de082011efddc58f1908eb6e6d8,0xa0b86991c6218b36c1d19d4a2e9eb0ce3606eb48,0xc02aaa39b223fe8d0a0e5c4f27ead9083c756cc2,6,18,0xe592427a0aece92de3edee1f18e0157c05861564,0xd9270fa1225407eaa3a68583e6d5bbcf9c767262,one_for_zero,0,1000000000000000,2167560,0,-2167560,1000000000000000,1699188638068467618485453688878057,1699188638068467618485453688878057,1460706452405956905,199476,199476
1773919475,24691217,0x0967dc62b86f26988cefb2ec021ced0846b57eab33af3d02c3766acdd88ab871,194,0x8ad599c3a0ff1de082011efddc58f1908eb6e6d8,0xa0b86991c6218b36c1d19d4a2e9eb0ce3606eb48,0xc02aaa39b223fe8d0a0e5c4f27ead9083c756cc2,6,18,0xd226997439ecfbeff8e110c8c78c8a7eefd19f89,0xd226997439ecfbeff8e110c8c78c8a7eefd19f89,zero_for_one,2364948,0,0,1084527912425110,2364948,-1084527912425110,1699188579244086063010290561044863,1699188579244086063010290561044863,1460706452405956905,199476,199476
1773919475,24691217,0xbc9c45f82b22ebea4cdb846710dc66a8f04ae7c0f09aae3f9d3d9ca90dd62315,260,0x8ad599c3a0ff1de082011efddc58f1908eb6e6d8,0xa0b86991c6218b36c1d19d4a2e9eb0ce3606eb48,0xc02aaa39b223fe8d0a0e5c4f27ead9083c756cc2,6,18,0xd226997439ecfbeff8e110c8c78c8a7eefd19f89,0xd226997439ecfbeff8e110c8c78c8a7eefd19f89,zero_for_one,256477,0,0,117616055055464,256477,-117616055055464,1699188572864635962771219595434822,1699188572864635962771219595434822,1460706452405956905,199476,199476
1773919487,24691218,0x34c714a47d3429fc6b9498e97126c37272131a9d0bf535ad9f70b9c645d43d2c,80,0x8ad599c3a0ff1de082011efddc58f1908eb6e6d8,0xa0b86991c6218b36c1d19d4a2e9eb0ce3606eb48,0xc02aaa39b223fe8d0a0e5c4f27ead9083c756cc2,6,18,0x06cff7088619c7178f5e14f0b119458d08d2f5ef,0x06cff7088619c7178f5e14f0b119458d08d2f5ef,zero_for_one,339036,0,0,155476163543306,339036,-155476163543306,1699188564431667975251160662472115,1699188564431667975251160662472115,1460706452405956905,199476,199476
1773919499,24691219,0x3f8638faf5f4e88609d8de2a927d95e5b71203976db4485d10eb1406170dacd4,835,0x8ad599c3a0ff1de082011efddc58f1908eb6e6d8,0xa0b86991c6218b36c1d19d4a2e9eb0ce3606eb48,0xc02aaa39b223fe8d0a0e5c4f27ead9083c756cc2,6,18,0xe592427a0aece92de3edee1f18e0157c05861564,0xd9270fa1225407eaa3a68583e6d5bbcf9c767262,one_for_zero,0,1000000000000000,2167560,0,-2167560,1000000000000000,1699188618508568845110981937255679,1699188618508568845110981937255679,1460706452405956905,199476,199476
1773919523,24691221,0xa2493289c23bfb3a7225e1a902a7cb0cf35c11540bfb0f7772acaaedcc1a4a55,747,0x8ad599c3a0ff1de082011efddc58f1908eb6e6d8,0xa0b86991c6218b36c1d19d4a2e9eb0ce3606eb48,0xc02aaa39b223fe8d0a0e5c4f27ead9083c756cc2,6,18,0xe592427a0aece92de3edee1f18e0157c05861564,0xd9270fa1225407eaa3a68583e6d5bbcf9c767262,one_for_zero,0,1000000000000000,2167560,0,-2167560,1000000000000000,1699188672585469714970803212039243,1699188672585469714970803212039243,1460706452405956905,199476,199476
1773919571,24691225,0xa60f7deced4082de89f0058ab7a73259071cf7b77f7018b4124bf4d03396890f,402,0x8ad599c3a0ff1de082011efddc58f1908eb6e6d8,0xa0b86991c6218b36c1d19d4a2e9eb0ce3606eb48,0xc02aaa39b223fe8d0a0e5c4f27ead9083c756cc2,6,18,0xe592427a0aece92de3edee1f18e0157c05861564,0xd9270fa1225407eaa3a68583e6d5bbcf9c767262,one_for_zero,0,1000000000000000,2167559,0,-2167559,1000000000000000,1699188726662370584830624486822807,1699188726662370584830624486822807,1460706452405956905,199476,199476
1773919751,24691239,0x19d814f7ee0bcbdbde30a691feef6ebd85f48a91d93c675e59e05476bada264d,47,0x8ad599c3a0ff1de082011efddc58f1908eb6e6d8,0xa0b86991c6218b36c1d19d4a2e9eb0ce3606eb48,0xc02aaa39b223fe8d0a0e5c4f27ead9083c756cc2,6,18,0x06cff7088619c7178f5e14f0b119458d08d2f5ef,0x06cff7088619c7178f5e14f0b119458d08d2f5ef,zero_for_one,200126,0,0,91774364707503,200126,-91774364707503,1699188721684563942220761735784310,1699188721684563942220761735784310,1460706452405956905,199476,199476
1773920039,24691263,0xb0d4ded0241daff87deb0340d59a7731dbe5b3c98684b4e1e104327f4e4a2b14,424,0x8ad599c3a0ff1de082011efddc58f1908eb6e6d8,0xa0b86991c6218b36c1d19d4a2e9eb0ce3606eb48,0xc02aaa39b223fe8d0a0e5c4f27ead9083c756cc2,6,18,0x06cff7088619c7178f5e14f0b119458d08d2f5ef,0x06cff7088619c7178f5e14f0b119458d08d2f5ef,zero_for_one,425028,0,0,194910764253332,425028,-194910764253332,1699188711112678208022113175495601,1699188711112678208022113175495601,1460706452405956905,199476,199476
1773920147,24691272,0x8dea139f83c5ee4c656cff2b0764fc2b3c7d3a7749944df3bb31fab7074eede6,783,0x8ad599c3a0ff1de082011efddc58f1908eb6e6d8,0xa0b86991c6218b36c1d19d4a2e9eb0ce3606eb48,0xc02aaa39b223fe8d0a0e5c4f27ead9083c756cc2,6,18,0x68b3465833fb72a70ecdf485e0e4c7bd8665fc45,0x9f86ef75c99e2d1d086371a82672bc898b78fb50,zero_for_one,96000000,0,0,44024034662037292,96000000,-44024034662037292,1699186323265779200736856106998343,1699186323265779200736856106998343,1460706452405956905,199476,199476
1773920279,24691283,0x5e7d02596cb95efb8abf28bd63315ce28c708ecfc6ff8de300f3338efd7607ad,188,0x8ad599c3a0ff1de082011efddc58f1908eb6e6d8,0xa0b86991c6218b36c1d19d4a2e9eb0ce3606eb48,0xc02aaa39b223fe8d0a0e5c4f27ead9083c756cc2,6,18,0x51c72848c68a965f66fa7a88855f9f7784502a7f,0x51c72848c68a965f66fa7a88855f9f7784502a7f,one_for_zero,0,582284712752445440,1262117122,0,-1262117122,582284712752445440,1699217811418468749529799440933636,1699217811418468749529799440933636,1460706452405956905,199476,199476
1773920399,24691293,0x8280c2d96333c603b04161bc75465a7aa687f3df121eb9505f9db7f992002d22,195,0x8ad599c3a0ff1de082011efddc58f1908eb6e6d8,0xa0b86991c6218b36c1d19d4a2e9eb0ce3606eb48,0xc02aaa39b223fe8d0a0e5c4f27ead9083c756cc2,6,18,0x51c72848c68a965f66fa7a88855f9f7784502a7f,0x51c72848c68a965f66fa7a88855f9f7784502a7f,one_for_zero,0,2113666978419864832,4581034603,0,-4581034603,2113666978419864832,1699332111978132656698388400397523,1699332111978132656698388400397523,1460706452405956905,199478,199478
1773920471,24691299,0xed27c24a375f27c33a0361f6df692a39754e4e34fff92c76e0c61265ecb6ea70,48,0x8ad599c3a0ff1de082011efddc58f1908eb6e6d8,0xa0b86991c6218b36c1d19d4a2e9eb0ce3606eb48,0xc02aaa39b223fe8d0a0e5c4f27ead9083c756cc2,6,18,0x51c72848c68a965f66fa7a88855f9f7784502a7f,0x51c72848c68a965f66fa7a88855f9f7784502a7f,one_for_zero,0,2541401180487589888,5507264093,0,-5507264093,2541401180487589888,1699469543077840428824631021993342,1699469543077840428824631021993342,1460706452405956905,199479,199479
1773920495,24691301,0x6aba0946bd2186d86432ef5c0d65d26698d48a8fe78c0ace6e262c5cfbf6f3ac,46,0x8ad599c3a0ff1de082011efddc58f1908eb6e6d8,0xa0b86991c6218b36c1d19d4a2e9eb0ce3606eb48,0xc02aaa39b223fe8d0a0e5c4f27ead9083c756cc2,6,18,0x66a9893cc07d91d95644aedd05d03f95e1dba8af,0x66a9893cc07d91d95644aedd05d03f95e1dba8af,one_for_zero,0,3756000000000000000,8137691767,0,-8137691767,3756000000000000000,1699672655917507622313339109061829,1699672655917507622313339109061829,1460706452405956905,199482,199482
1773920555,24691306,0x4bca7195fe896e16b2a357d6280ff94fad51cbf2901432c3357f6de6fe12a67e,159,0x8ad599c3a0ff1de082011efddc58f1908eb6e6d8,0xa0b86991c6218b36c1d19d4a2e9eb0ce3606eb48,0xc02aaa39b223fe8d0a0e5c4f27ead9083c756cc2,6,18,0xd226997439ecfbeff8e110c8c78c8a7eefd19f89,0xd226997439ecfbeff8e110c8c78c8a7eefd19f89,zero_for_one,211137,0,0,96879010857708,211137,-96879010857708,1699672650662826913665010235983387,1699672650662826913665010235983387,1460706452405956905,199482,199482
