timestamp,block_number,tx_hash,log_index,pool,token0,token1,token0_decimals,token1_decimals,sender,recipient,direction,token0_in,token1_in,token0_out,token1_out,amount0,amount1,sqrt_price_x96,sqrtPriceX96,liquidity,tick,pre_swap_tick
1773906755,24690158,0xff2f94e3485a778ca81a63dc6cf2cef24d1c7cc2de01f30daa69b2b35e5d4c4a,36,0x9a772018fbd77fcd2d25657e5c547baff3fd7d16,0x2260fac5e5542a773aa44fbcfedf7c193bc2c599,0xa0b86991c6218b36c1d19d4a2e9eb0ce3606eb48,8,6,0xbdb3ba9ffe392549e1f8658dd2630c141fdf47b6,0xbdb3ba9ffe392549e1f8658dd2630c141fdf47b6,one_for_zero,0,626292117,894740,0,-894740,626292117,2095752714658100991856602375591,2095752714658100991856602375591,176808287133,65509,65509
1773906767,24690159,0xe6fa8b0b001bf7364db8ac4ffb4f76e98f0ed17b0d0c2dd8ce8adeba6535f700,39,0x9a772018fbd77fcd2d25657e5c547baff3fd7d16,0x2260fac5e5542a773aa44fbcfedf7c193bc2c599,0xa0b86991c6218b36c1d19d4a2e9eb0ce3606eb48,8,6,0xbdb3ba9ffe392549e1f8658dd2630c141fdf47b6,0xbdb3ba9ffe392549e1f8658dd2630c141fdf47b6,one_for_zero,0,1222785325,1746217,0,-1746217,1222785325,2096301328791005721295938921566,2096301328791005721295938921566,176500365147,65515,65515
1773906779,24690160,0x9649337e08ac92794064bd296dee52cbba8e1d15d0ec4f4556935135e49dc0a4,19,0x9a772018fbd77fcd2d25657e5c547baff3fd7d16,0x2260fac5e5542a773aa44fbcfedf7c193bc2c599,0xa0b86991c6218b36c1d19d4a2e9eb0ce3606eb48,8,6,0x63242a4ea82847b20e506b63b0e2e2eff0cc6cb0,0x63242a4ea82847b20e506b63b0e2e2eff0cc6cb0,one_for_zero,0,996185544,1421943,0,-1421943,996185544,2096748276802221110294086642491,2096748276802221110294086642491,176500365147,65519,65519
1773906827,24690164,0xce475288208f88ec7a8b8a37454e92a1adec5276d8d5f8ae8add5b913fbb2043,37,0x9a772018fbd77fcd2d25657e5c547baff3fd7d16,0x2260fac5e5542a773aa44fbcfedf7c193bc2c599,0xa0b86991c6218b36c1d19d4a2e9eb0ce3606eb48,8,6,0xbdb3ba9ffe392549e1f8658dd2630c141fdf47b6,0xbdb3ba9ffe392549e1f8658dd2630c141fdf47b6,one_for_zero,0,1607847459,2293743,0,-2293743,1607847459,2097469652682959009020484693567,2097469652682959009020484693567,176500365147,65526,65526
1773906839,24690165,0x7880effdc08a21fc7479a2749343ab833d3ad8f526f4321db0c4efe491d1cca3,87,0x9a772018fbd77fcd2d25657e5c547baff3fd7d16,0x2260fac5e5542a773aa44fbcfedf7c193bc2c599,0xa0b86991c6218b36c1d19d4a2e9eb0ce3606eb48,8,6,0x51c72848c68a965f66fa7a88855f9f7784502a7f,0x51c72848c68a965f66fa7a88855f9f7784502a7f,one_for_zero,0,1009794102,1439758,0,-1439758,1009794102,2097922706301356940435702329695,2097922706301356940435702329695,176500365147,65530,65530
1773906851,24690166,0x4017b23f94e1c37724d4167d5c49f49707480b17784e58f6fd42b45117741374,116,0x9a772018fbd77fcd2d25657e5c547baff3fd7d16,0x2260fac5e5542a773aa44fbcfedf7c193bc2c599,0xa0b86991c6218b36c1d19d4a2e9eb0ce3606eb48,8,6,0xbdb3ba9ffe392549e1f8658dd2630c141fdf47b6,0xbdb3ba9ffe392549e1f8658dd2630c141fdf47b6,one_for_zero,0,595580436,848883,0,-848883,595580436,2098189919063782110769119814348,2098189919063782110769119814348,176500365147,65533,65533
1773906899,24690170,0xe11bed3d97fc08c4f3aaa10f38725810c009c43ff0457ddf86ecb876629784c0,536,0x9a772018fbd77fcd2d25657e5c547baff3fd7d16,0x2260fac5e5542a773aa44fbcfedf7c193bc2c599,0xa0b86991c6218b36c1d19d4a2e9eb0ce3606eb48,8,6,0x63242a4ea82847b20e506b63b0e2e2eff0cc6cb0,0x63242a4ea82847b20e506b63b0e2e2eff0cc6cb0,zero_for_one,2413482,0,0,1691219887,2413482,-1691219887,2097430757778228643832272674439,2097430757778228643832272674439,176500365147,65526,65526
1773906911,24690171,0x0efacf4429c3688d01aa51af02d9d2c59ec8b73f69482da9f1ddb1b6e2b3d3c5,31,0x9a772018fbd77fcd2d25657e5c547baff3fd7d16,0x2260fac5e5542a773aa44fbcfedf7c193bc2c599,0xa0b86991c6218b36c1d19d4a2e9eb0ce3606eb48,8,6,0xbdb3ba9ffe392549e1f8658dd2630c141fdf47b6,0xbdb3ba9ffe392549e1f8658dd2630c141fdf47b6,one_for_zero,0,2409378907,3434377,0,-3434377,2409378907,2098511748279683027050129260932,2098511748279683027050129260932,176500365147,65536,65536
1773906971,24690176,0xb239e8a18b04c6e56cb24ca8afa574db48e758942dd23fba7384bc9aa64a6f8b,507,0x9a772018fbd77fcd2d25657e5c547baff3fd7d16,0x2260fac5e5542a773aa44fbcfedf7c193bc2c599,0xa0b86991c6218b36c1d19d4a2e9eb0ce3606eb48,8,6,0x6747bcaf9bd5a5f0758cbe08903490e45ddfacb5,0x1231deb6f5749ef6ce6943a275a1d3e7486f4eae,zero_for_one,327,0,0,228707,327,-228707,2098511645616388555895361493610,2098511645616388555895361493610,176500365147,65536,65536
1773907055,24690183,0xb735738acc6b284609568daeb926fcb1fa9fe4c301305c38cdbdfe0701cc6197,182,0x9a772018fbd77fcd2d25657e5c547baff3fd7d16,0x2260fac5e5542a773aa44fbcfedf7c193bc2c599,0xa0b86991c6218b36c1d19d4a2e9eb0ce3606eb48,8,6,0xe592427a0aece92de3edee1f18e0157c05861564,0x0e5891850bb3f03090f03010000806f080040100,one_for_zero,0,1123324095,1600000,0,-1600000,1123324095,2099015635533542077196665632712,2099015635533542077196665632712,176500365147,65541,65541
1773907067,24690184,0xdef4f3e74d3cb95a4cbe74726f4bc2567bef0b079dac5c5d13d0f4d5899170fa,28,0x9a772018fbd77fcd2d25657e5c547baff3fd7d16,0x2260fac5e5542a773aa44fbcfedf7c193bc2c599,0xa0b86991c6218b36c1d19d4a2e9eb0ce3606eb48,8,6,0xd226997439ecfbeff8e110c8c78c8a7eefd19f89,0x5ae13baaef0620fdae1d355495dc51a17adb4082,zero_for_one,824999,0,0,578701203,824999,-578701203,2098755865912554051803402892001,2098755865912554051803402892001,176500365147,65538,65538
1773907067,24690184,0x166d947fa46f8fdab870c09541ec2c6511f1641eb8f69374fd262997bc74e597,68,0x9a772018fbd77fcd2d25657e5c547baff3fd7d16,0x2260fac5e5542a773aa44fbcfedf7c193bc2c599,0xa0b86991c6218b36c1d19d4a2e9eb0ce3606eb48,8,6,0xd226997439ecfbeff8e110c8c78c8a7eefd19f89,0x5ae13baaef0620fdae1d355495dc51a17adb4082,zero_for_one,300101,0,0,210471740,300101,-210471740,2098661388548682924299138496486,2098661388548682924299138496486,176500365147,65537,65537
1773907091,24690186,0x9eead7fad26221acd7fffd928c5d75b2d28c4b6b6650ac351b5a012f0ad84f6d,186,0x9a772018fbd77fcd2d25657e5c547baff3fd7d16,0x2260fac5e5542a773aa44fbcfedf7c193bc2c599,0xa0b86991c6218b36c1d19d4a2e9eb0ce3606eb48,8,6,0x51c72848c68a965f66fa7a88855f9f7784502a7f,0x51c72848c68a965f66fa7a88855f9f7784502a7f,zero_for_one,1572350,0,0,1102439977,1572350,-1102439977,2098166521053117525298159907614,2098166521053117525298159907614,176500365147,65533,65533
1773907139,24690190,0x3f81ffe44c3ad42d6a86c8e8d00ab0572fe991aca9decfb26f639433a8a270b8,56,0x9a772018fbd77fcd2d25657e5c547baff3fd7d16,0x2260fac5e5542a773aa44fbcfedf7c193bc2c599,0xa0b86991c6218b36c1d19d4a2e9eb0ce3606eb48,8,6,0x51c72848c68a965f66fa7a88855f9f7784502a7f,0x51c72848c68a965f66fa7a88855f9f7784502a7f,zero_for_one,1031943,0,0,723255973,1031943,-723255973,2097841863131094558718444330261,2097841863131094558718444330261,176500365147,65529,65529
1773907151,24690191,0xbf5271ec0661b0e7ad6b7a8c7df21c30d5cbadbc2c4883a05b171e5cfb3643a5,98,0x9a772018fbd77fcd2d25657e5c547baff3fd7d16,0x2260fac5e5542a773aa44fbcfedf7c193bc2c599,0xa0b86991c6218b36c1d19d4a2e9eb0ce3606eb48,8,6,0xe592427a0aece92de3edee1f18e0157c05861564,0x4a14347083b80e5216ca31350a2d21702ac3650d,zero_for_one,379295,0,0,265779292,379295,-265779292,2097722559100358337467724622975,2097722559100358337467724622975,176500365147,65528,65528
1773907175,24690193,0x2140b5692ac24fb7233da92833bb81376e3780e8e8aac4daf576769b3007af41,158,0x9a772018fbd77fcd2d25657e5c547baff3fd7d16,0x2260fac5e5542a773aa44fbcfedf7c193bc2c599,0xa0b86991c6218b36c1d19d4a2e9eb0ce3606eb48,8,6,0x0bb7a4fdea32910038dec59c20ccae3a6e66b09f,0x111111125421ca6dc452d289314280a0f8842a65,zero_for_one,643025,0,0,450510987,643025,-450510987,2097520331996101057609719453326,2097520331996101057609719453326,176500365147,65526,65526
1773907247,24690199,0x682e428e851b4ebbefee73a54abaa163026af5f040da433320c5fe742386c28e,295,0x9a772018fbd77fcd2d25657e5c547baff3fd7d16,0x2260fac5e5542a773aa44fbcfedf7c193bc2c599,0xa0b86991c6218b36c1d19d4a2e9eb0ce3606eb48,8,6,0x6e2743c18690d05dd2ea1ecb7fe86322fcd6e491,0x6e2743c18690d05dd2ea1ecb7fe86322fcd6e491,one_for_zero,0,348120241,496394,0,-496394,348120241,2097676519415159924265175098484,2097676519415159924265175098484,176500365147,65528,65528
1773907295,24690203,0xc4862811d14b1f577c9b6bd0c70533506b443e87b0e009f27636a6e9bd85ae22,680,0x9a772018fbd77fcd2d25657e5c547baff3fd7d16,0x2260fac5e5542a773aa44fbcfedf7c193bc2c599,0xa0b86991c6218b36c1d19d4a2e9eb0ce3606eb48,8,6,0x6747bcaf9bd5a5f0758cbe08903490e45ddfacb5,0x5e1f62dac767b0491e3ce72469c217365d5b48cc,one_for_zero,0,98325960,140192,0,-140192,98325960,2097720634281651064272368979393,2097720634281651064272368979393,176500365147,65528,65528
1773907343,24690207,0x779bd1fdf602470d7179e7e46d17508bf61bf8df678e2a5cb3c2698f66083e53,311,0x9a772018fbd77fcd2d25657e5c547baff3fd7d16,0x2260fac5e5542a773aa44fbcfedf7c193bc2c599,0xa0b86991c6218b36c1d19d4a2e9eb0ce3606eb48,8,6,0x5050e08626c499411b5d0e0b5af0e83d3fd82edf,0x5050e08626c499411b5d0e0b5af0e83d3fd82edf,one_for_zero,0,519043930,739950,0,-739950,519043930,2097953508221331913922741622782,2097953508221331913922741622782,176500365147,65530,65530
1773907391,24690211,0xae6d2949d615f374d591fa5ea5855123b0e5d9e5d1e2501b994334b6d81ae00b,148,0x9a772018fbd77fcd2d25657e5c547baff3fd7d16,0x2260fac5e5542a773aa44fbcfedf7c193bc2c599,0xa0b86991c6218b36c1d19d4a2e9eb0ce3606eb48,8,6,0x51c72848c68a965f66fa7a88855f9f7784502a7f,0x51c72848c68a965f66fa7a88855f9f7784502a7f,zero_for_one,795859,0,0,557698681,795859,-557698681,2097703166292881673065413076660,2097703166292881673065413076660,176500365147,65528,65528
1773907391,24690211,0x7a0833f593479ac1bc6940db606c85a190f8ba3b5344d5f6f01ffa74e0ada373,205,0x9a772018fbd77fcd2d25657e5c547baff3fd7d16,0x2260fac5e5542a773aa44fbcfedf7c193bc2c599,0xa0b86991c6218b36c1d19d4a2e9eb0ce3606eb48,8,6,0x6747bcaf9bd5a5f0758cbe08903490e45ddfacb5,0x5e1f62dac767b0491e3ce72469c217365d5b48cc,one_for_zero,0,614000613,875317,0,-875317,614000613,2097978643440960130252133547001,2097978643440960130252133547001,176500365147,65531,65531
1773907403,24690212,0xe7469ebca1d4c6efcc67bd46bc0975cc75ac67ef38dea0f614b92f61f0f24990,172,0x9a772018fbd77fcd2d25657e5c547baff3fd7d16,0x2260fac5e5542a773aa44fbcfedf7c193bc2c599,0xa0b86991c6218b36c1d19d4a2e9eb0ce3606eb48,8,6,0x51c72848c68a965f66fa7a88855f9f7784502a7f,0x51c72848c68a965f66fa7a88855f9f7784502a7f,zero_for_one,2026346,0,0,1419734835,2026346,-1419734835,2097341347409217283962612933518,2097341347409217283962612933518,176500365147,65525,65525
1773907463,24690217,0xb321104c63926e04a204179f05af34e5a4a14485d0638ceefb333ddada8977d4,43,0x9a772018fbd77fcd2d25657e5c547baff3fd7d16,0x2260fac5e5542a773aa44fbcfedf7c193bc2c599,0xa0b86991c6218b36c1d19d4a2e9eb0ce3606eb48,8,6,0x51c72848c68a965f66fa7a88855f9f7784502a7f,0x51c72848c68a965f66fa7a88855f9f7784502a7f,zero_for_one,1483203,0,0,1038641794,1483203,-1038641794,2096875117887155096980720940127,2096875117887155096980720940127,176500365147,65520,65520
1773907583,24690227,0x1fa62542f6bcdc4eb64fb4b38d65d20a7295ea63dc4f4e6af20867492213f712,629,0x9a772018fbd77fcd2d25657e5c547baff3fd7d16,0x2260fac5e5542a773aa44fbcfedf7c193bc2c599,0xa0b86991c6218b36c1d19d4a2e9eb0ce3606eb48,8,6,0xbdb3ba9ffe392549e1f8658dd2630c141fdf47b6,0xbdb3ba9ffe392549e1f8658dd2630c141fdf47b6,zero_for_one,549820,0,0,384904899,549820,-384904899,2096702340295896972902489637384,2096702340295896972902489637384,176500365147,65519,65519
1773907907,24690254,0xfa4fff64d8fdb6f1a87cdaa07df920b18f7ddc64e3481ecb72dd61923af1f205,101,0x9a772018fbd77fcd2d25657e5c547baff3fd7d16,0x2260fac5e5542a773aa44fbcfedf7c193bc2c599,0xa0b86991c6218b36c1d19d4a2e9eb0ce3606eb48,8,6,0x51c72848c68a965f66fa7a88855f9f7784502a7f,0x51c72848c68a965f66fa7a88855f9f7784502a7f,one_for_zero,0,1085670191,1549050,0,-1549050,1085670191,2097189436435097652051007033237,2097189436435097652051007033237,176500365147,65523,65523
1773908063,24690267,0xd74809d4d795b3b4b91bd33e6f7c5c5d870149767ab461d46a5a752e086b4c9f,25,0x9a772018fbd77fcd2d25657e5c547baff3fd7d16,0x2260fac5e5542a773aa44fbcfedf7c193bc2c599,0xa0b86991c6218b36c1d19d4a2e9eb0ce3606eb48,8,6,0xe592427a0aece92de3edee1f18e0157c05861564,0x634826fb67d4eb9633f0011fae8e23cf99acd6f0,zero_for_one,326834,0,0,228878043,326834,-228878043,2097086696779082218594031705673,2097086696779082218594031705673,176500365147,65522,65522
1773908147,24690274,0xde902bff7a5fc192c34a46e1aafd3aaedfa5c823cdec49a158f220e37a3f1528,279,0x9a772018fbd77fcd2d25657e5c547baff3fd7d16,0x2260fac5e5542a773aa44fbcfedf7c193bc2c599,0xa0b86991c6218b36c1d19d4a2e9eb0ce3606eb48,8,6,0xbc1d9760bd6ca468ca9fb5ff2cfbeac35d86c973,0xf3c2de39a77b0966cedccfdfb4de0a22dcc416b8,one_for_zero,0,14733245,21018,0,-21018,14733245,2097093306987816787098811691661,2097093306987816787098811691661,176500365147,65522,65522
1773908183,24690277,0x60ab8c7c3a799cb2e8d33ea5b1044d3e09ed156f009becffff5067ac8fde4867,336,0x9a772018fbd77fcd2d25657e5c547baff3fd7d16,0x2260fac5e5542a773aa44fbcfedf7c193bc2c599,0xa0b86991c6218b36c1d19d4a2e9eb0ce3606eb48,8,6,0x66a9893cc07d91d95644aedd05d03f95e1dba8af,0x8dd60c37c1715f53fb319871c5cae336cf54ce8a,one_for_zero,0,499962371,713176,0,-713176,499962371,2097317619806280982877682378862,2097317619806280982877682378862,176500365147,65524,65524
1773908387,24690294,0x411651a91db17e76dc420a6c0895e27d5258c0e0b32b2e589d0bb04e763445cd,241,0x9a772018fbd77fcd2d25657e5c547baff3fd7d16,0x2260fac5e5542a773aa44fbcfedf7c193bc2c599,0xa0b86991c6218b36c1d19d4a2e9eb0ce3606eb48,8,6,0xbdb3ba9ffe392549e1f8658dd2630c141fdf47b6,0xbdb3ba9ffe392549e1f8658dd2630c141fdf47b6,zero_for_one,774143,0,0,542153561,774143,-542153561,2097074255831077466342153483595,2097074255831077466342153483595,176500365147,65522,65522
1773908471,24690301,0xca146cc0c6473411461a0e63beacca87ac6c0a5fdf897da43a4ce66992257ded,175,0x9a772018fbd77fcd2d25657e5c547baff3fd7d16,0x2260fac5e5542a773aa44fbcfedf7c193bc2c599,0xa0b86991c6218b36c1d19d4a2e9eb0ce3606eb48,8,6,0xbdb3ba9ffe392549e1f8658dd2630c141fdf47b6,0xbdb3ba9ffe392549e1f8658dd2630c141fdf47b6,one_for_zero,0,435686664,621510,0,-621510,435686664,2097269730749285823085683808772,2097269730749285823085683808772,176500365147,65524,65524
1773908639,24690315,0x67bace23145bf1f6e24fc110dab888f5cee990a9dc260d9d30b1de2c5f67481b,49,0x9a772018fbd77fcd2d25657e5c547baff3fd7d16,0x2260fac5e5542a773aa44fbcfedf7c193bc2c599,0xa0b86991c6218b36c1d19d4a2e9eb0ce3606eb48,8,6,0x51c72848c68a965f66fa7a88855f9f7784502a7f,0x51c72848c68a965f66fa7a88855f9f7784502a7f,zero_for_one,1100510,0,0,770644827,1100510,-770644827,2096923800736006449457296234448,2096923800736006449457296234448,176500365147,65521,65521
1773908663,24690317,0xbae98e78a5c1dc61302e757819347320406c1dd1b321b3533d285e8a10171da5,40,0x9a772018fbd77fcd2d25657e5c547baff3fd7d16,0x2260fac5e5542a773aa44fbcfedf7c193bc2c599,0xa0b86991c6218b36c1d19d4a2e9eb0ce3606eb48,8,6,0x51c72848c68a965f66fa7a88855f9f7784502a7f,0x51c72848c68a965f66fa7a88855f9f7784502a7f,zero_for_one,1748976,0,0,1224218176,1748976,-1224218176,2096374268974075211567599818223,2096374268974075211567599818223,176500365147,65515,65515
1773908687,24690319,0x91ffef67796d7b8623a3f291584b959ac9e77316e44d14d9a2b2865c826dfb91,50,0x9a772018fbd77fcd2d25657e5c547baff3fd7d16,0x2260fac5e5542a773aa44fbcfedf7c193bc2c599,0xa0b86991c6218b36c1d19d4a2e9eb0ce3606eb48,8,6,0x51c72848c68a965f66fa7a88855f9f7784502a7f,0x51c72848c68a965f66fa7a88855f9f7784502a7f,one_for_zero,0,613586102,875836,0,-875836,613586102,2096649560147781236314651538945,2096649560147781236314651538945,176500365147,65518,65518
1773908783,24690327,0x9bc98f032b919ca7f09f8f78a4520df038082872422b5b74e0a3aac47c436360,216,0x9a772018fbd77fcd2d25657e5c547baff3fd7d16,0x2260fac5e5542a773aa44fbcfedf7c193bc2c599,0xa0b86991c6218b36c1d19d4a2e9eb0ce3606eb48,8,6,0x51c72848c68a965f66fa7a88855f9f7784502a7f,0x51c72848c68a965f66fa7a88855f9f7784502a7f,zero_for_one,1526243,0,0,1068069318,1526243,-1068069318,2096170121085703166159945849048,2096170121085703166159945849048,176500365147,65513,65513
1773908843,24690332,0xcea225b1033f2db2215a70a66e91d25d444b8383e0fc5dcaffefe362e152d805,130,0x9a772018fbd77fcd2d25657e5c547baff3fd7d16,0x2260fac5e5542a773aa44fbcfedf7c193bc2c599,0xa0b86991c6218b36c1d19d4a2e9eb0ce3606eb48,8,6,0x51c72848c68a965f66fa7a88855f9f7784502a7f,0x51c72848c68a965f66fa7a88855f9f7784502a7f,zero_for_one,720753,0,0,504215126,720753,-504215126,2095943787060912337666197361102,2095943787060912337666197361102,176500365147,65511,65511
1773908903,24690337,0x508ae6f15673ee82c46dd964f0587deba5464aa7ef1210ee5771d23d7d074eba,369,0x9a772018fbd77fcd2d25657e5c547baff3fd7d16,0x2260fac5e5542a773aa44fbcfedf7c193bc2c599,0xa0b86991c6218b36c1d19d4a2e9eb0ce3606eb48,8,6,0xf48a3f7c0575c85cf4529aa220caf3c055773f1c,0xf48a3f7c0575c85cf4529aa220caf3c055773f1c,zero_for_one,469094,0,0,328104232,469094,-328104232,2095796506371702917104599064364,2095796506371702917104599064364,176500365147,65510,65510
1773909431,24690381,0x046ffa44b3ed74bd5661fa4ae8533f3957f18921786587ce4361e25d005ef071,197,0x9a772018fbd77fcd2d25657e5c547baff3fd7d16,0x2260fac5e5542a773aa44fbcfedf7c193bc2c599,0xa0b86991c6218b36c1d19d4a2e9eb0ce3606eb48,8,6,0xbdb3ba9ffe392549e1f8658dd2630c141fdf47b6,0xbdb3ba9ffe392549e1f8658dd2630c141fdf47b6,zero_for_one,825766,0,0,577463547,825766,-577463547,2095537667484499444316572881336,2095537667484499444316572881336,176808287133,65507,65507
1773909455,24690383,0x383b2602e241b59be430ce7674ffc20ea59bd0aff87896746877fd0ec07154ad,145,0x9a772018fbd77fcd2d25657e5c547baff3fd7d16,0x2260fac5e5542a773aa44fbcfedf7c193bc2c599,0xa0b86991c6218b36c1d19d4a2e9eb0ce3606eb48,8,6,0xbdb3ba9ffe392549e1f8658dd2630c141fdf47b6,0xbdb3ba9ffe392549e1f8658dd2630c141fdf47b6,zero_for_one,651279,0,0,455343477,651279,-455343477,2095333627121813940282185283704,2095333627121813940282185283704,176808287133,65506,65506
1773909455,24690383,0x113ec489e18eb229573c1ebf75987326a04b42b78c1af6e2c49ac561e4fb9adb,385,0x9a772018fbd77fcd2d25657e5c547baff3fd7d16,0x2260fac5e5542a773aa44fbcfedf7c193bc2c599,0xa0b86991c6218b36c1d19d4a2e9eb0ce3606eb48,8,6,0xa5f91e598668040055dc861a7316e677a5b730b0,0x3d90f66b534dd8482b181e24655a9e8265316be9,zero_for_one,30769,0,0,21509617,30769,-21509617,2095323988617288747569072090730,2095323988617288747569072090730,176808287133,65505,65505
1773909551,24690391,0x50496cf96691d7b7865e8b2ed8b8e986dd573f51d0b551c76808d77fdb41bddd,22,0x9a772018fbd77fcd2d25657e5c547baff3fd7d16,0x2260fac5e5542a773aa44fbcfedf7c193bc2c599,0xa0b86991c6218b36c1d19d4a2e9eb0ce3606eb48,8,6,0x5050e08626c499411b5d0e0b5af0e83d3fd82edf,0x5050e08626c499411b5d0e0b5af0e83d3fd82edf,zero_for_one,2864939,0,0,2001957937,2864939,-2001957937,2094426589417657078433934139745,2094426589417657078433934139745,176606657645,65497,65497
1773909563,24690392,0x881b19474606dda694b09684510cd62d6c07439db9176b2365d30fdf5b1a3bca,30,0x9a772018fbd77fcd2d25657e5c547baff3fd7d16,0x2260fac5e5542a773aa44fbcfedf7c193bc2c599,0xa0b86991c6218b36c1d19d4a2e9eb0ce3606eb48,8,6,0xbdb3ba9ffe392549e1f8658dd2630c141fdf47b6,0xbdb3ba9ffe392549e1f8658dd2630c141fdf47b6,zero_for_one,1929824,0,0,1347554155,1929824,-1347554155,2093822058189386695575508929932,2093822058189386695575508929932,176606657645,65491,65491
1773909575,24690393,0xe9695663f1773915af064219291ee862cafd9e71f54ab6adea863f6d8319b561,562,0x9a772018fbd77fcd2d25657e5c547baff3fd7d16,0x2260fac5e5542a773aa44fbcfedf7c193bc2c599,0xa0b86991c6218b36c1d19d4a2e9eb0ce3606eb48,8,6,0xbdb3ba9ffe392549e1f8658dd2630c141fdf47b6,0xbdb3ba9ffe392549e1f8658dd2630c141fdf47b6,zero_for_one,523545,0,0,365445815,523545,-365445815,2093658114197267832281979262777,2093658114197267832281979262777,176606657645,65490,65490
1773909671,24690401,0xfa29fc6a64568b726ffc30c8912b3d016dad87c78290fdf233e66199200be26e,64,0x9a772018fbd77fcd2d25657e5c547baff3fd7d16,0x2260fac5e5542a773aa44fbcfedf7c193bc2c599,0xa0b86991c6218b36c1d19d4a2e9eb0ce3606eb48,8,6,0xbdb3ba9ffe392549e1f8658dd2630c141fdf47b6,0xbdb3ba9ffe392549e1f8658dd2630c141fdf47b6,one_for_zero,0,6300984639,9006444,0,-9006444,6300984639,2096482652078168966750190087636,2096482652078168966750190087636,176500365147,65516,65516
1773909683,24690402,0x59ae56e8b465d6461592d11e40409d3d7a0cedd69f43d26b913bf235a4075be1,436,0x9a772018fbd77fcd2d25657e5c547baff3fd7d16,0x2260fac5e5542a773aa44fbcfedf7c193bc2c599,0xa0b86991c6218b36c1d19d4a2e9eb0ce3606eb48,8,6,0x6747bcaf9bd5a5f0758cbe08903490e45ddfacb5,0x5e1f62dac767b0491e3ce72469c217365d5b48cc,zero_for_one,176189,0,0,123302325,176189,-123302325,2096427303656062143226675260351,2096427303656062143226675260351,176500365147,65516,65516
1773909743,24690407,0x9ffcb6da5c1c49aa1e67823e91e2d6902c09ddbe34c7200669712ebb135a2921,478,0x9a772018fbd77fcd2d25657e5c547baff3fd7d16,0x2260fac5e5542a773aa44fbcfedf7c193bc2c599,0xa0b86991c6218b36c1d19d4a2e9eb0ce3606eb48,8,6,0xbdb3ba9ffe392549e1f8658dd2630c141fdf47b6,0xbdb3ba9ffe392549e1f8658dd2630c141fdf47b6,zero_for_one,675511,0,0,472684712,675511,-472684712,2096215123125107920206125092061,2096215123125107920206125092061,176500365147,65514,65514
1773909755,24690408,0x6b45f43efda77da0b478c0b541293e4bc53b251d566bd9f6b419dab8d9422862,294,0x9a772018fbd77fcd2d25657e5c547baff3fd7d16,0x2260fac5e5542a773aa44fbcfedf7c193bc2c599,0xa0b86991c6218b36c1d19d4a2e9eb0ce3606eb48,8,6,0x0a8accba63f42e743a31f33c44b87be0c83fe230,0x0a8accba63f42e743a31f33c44b87be0c83fe230,zero_for_one,621868,0,0,435063882,621868,-435063882,2096019829977025905586384506141,2096019829977025905586384506141,176500365147,65512,65512
1773909779,24690410,0xb5c3946f269a5b558e1c92c46095e9c1088bd8dbaecc0b8ea03fcf4040696baa,925,0x9a772018fbd77fcd2d25657e5c547baff3fd7d16,0x2260fac5e5542a773aa44fbcfedf7c193bc2c599,0xa0b86991c6218b36c1d19d4a2e9eb0ce3606eb48,8,6,0x66a9893cc07d91d95644aedd05d03f95e1dba8af,0x9635bcc0e4845126fdb133de103d1f84da3f9ece,zero_for_one,1216,0,0,850000,1216,-850000,2096019448425757832930271031067,2096019448425757832930271031067,176500365147,65512,65512
1773909803,24690412,0x0396f8b1a597951b8142cefe9eb4d855ae743c8c9b8bfd9a85cdf4bccb952a69,73,0x9a772018fbd77fcd2d25657e5c547baff3fd7d16,0x2260fac5e5542a773aa44fbcfedf7c193bc2c599,0xa0b86991c6218b36c1d19d4a2e9eb0ce3606eb48,8,6,0x51c72848c68a965f66fa7a88855f9f7784502a7f,0x51c72848c68a965f66fa7a88855f9f7784502a7f,zero_for_one,789802,0,0,552434811,789802,-552434811,2095771469363672710351799432229,2095771469363672710351799432229,176500365147,65510,65510
1773909827,24690414,0xb13efb5aa02b6e96b143a3005f4978c66a68d143090b20e399c9afed3c64e174,186,0x9a772018fbd77fcd2d25657e5c547baff3fd7d16,0x2260fac5e5542a773aa44fbcfedf7c193bc2c599,0xa0b86991c6218b36c1d19d4a2e9eb0ce3606eb48,8,6,0xbdb3ba9ffe392549e1f8658dd2630c141fdf47b6,0xbdb3ba9ffe392549e1f8658dd2630c141fdf47b6,zero_for_one,1036898,0,0,725069725,1036898,-725069725,2095446531443311808487862493595,2095446531443311808487862493595,176808287133,65507,65507
1773909983,24690427,0xa659f9e8989a0464a78853fb1f5767ecc7de05a1964791441c82d60932724532,245,0x9a772018fbd77fcd2d25657e5c547baff3fd7d16,0x2260fac5e5542a773aa44fbcfedf7c193bc2c599,0xa0b86991c6218b36c1d19d4a2e9eb0ce3606eb48,8,6,0xbdb3ba9ffe392549e1f8658dd2630c141fdf47b6,0xbdb3ba9ffe392549e1f8658dd2630c141fdf47b6,zero_for_one,784942,0,0,548735563,784942,-548735563,2095200641891887145677038947417,2095200641891887145677038947417,176808287133,65504,65504
1773910091,24690436,0x1ae96926b9cbb29b6cc5ecd60ee704256c6691b6079b58037e6048fbb0f93d40,28,0x9a772018fbd77fcd2d25657e5c547baff3fd7d16,0x2260fac5e5542a773aa44fbcfedf7c193bc2c599,0xa0b86991c6218b36c1d19d4a2e9eb0ce3606eb48,8,6,0x51c72848c68a965f66fa7a88855f9f7784502a7f,0x51c72848c68a965f66fa7a88855f9f7784502a7f,one_for_zero,0,595512623,850993,0,-850993,595512623,2095467358915727101247778716724,2095467358915727101247778716724,176808287133,65507,65507
1773910103,24690437,0x67c92e28412d07fb8b60104ee259b61dac1ddfbedf7f29bc609d9589a2d7680b,129,0x9a772018fbd77fcd2d25657e5c547baff3fd7d16,0x2260fac5e5542a773aa44fbcfedf7c193bc2c599,0xa0b86991c6218b36c1d19d4a2e9eb0ce3606eb48,8,6,0x1f2f10d1c40777ae1da742455c65828ff36df387,0xbbc43895c8e9d58c537e437611303a5681613662,one_for_zero,0,136746772,195382,0,-195382,136746772,2095528604790778140990186811653,2095528604790778140990186811653,176808287133,65507,65507
1773910175,24690443,0x1c596a16b97058f428792b7233e77cc77b49ee328b544c1a24be729b9c761fd5,223,0x9a772018fbd77fcd2d25657e5c547baff3fd7d16,0x2260fac5e5542a773aa44fbcfedf7c193bc2c599,0xa0b86991c6218b36c1d19d4a2e9eb0ce3606eb48,8,6,0x5050e08626c499411b5d0e0b5af0e83d3fd82edf,0x5050e08626c499411b5d0e0b5af0e83d3fd82edf,one_for_zero,0,428832010,612635,0,-612635,428832010,2095720669228850165511760876555,2095720669228850165511760876555,176808287133,65509,65509
1773910319,24690455,0xbb60b0c48d8a7dc577023c5a5545194c2c65c84818b66ae248b983fa08918064,39,0x9a772018fbd77fcd2d25657e5c547baff3fd7d16,0x2260fac5e5542a773aa44fbcfedf7c193bc2c599,0xa0b86991c6218b36c1d19d4a2e9eb0ce3606eb48,8,6,0x5050e08626c499411b5d0e0b5af0e83d3fd82edf,0x5050e08626c499411b5d0e0b5af0e83d3fd82edf,zero_for_one,2601589,0,0,1818696122,2601589,-1818696122,2094905707700237151637326191446,2094905707700237151637326191446,176808287133,65501,65501
1773910331,24690456,0xdda496d1f3963083b6623b1394a9206cd043d4f10c283089af6d2ecbf4e6cb71,75,0x9a772018fbd77fcd2d25657e5c547baff3fd7d16,0x2260fac5e5542a773aa44fbcfedf7c193bc2c599,0xa0b86991c6218b36c1d19d4a2e9eb0ce3606eb48,8,6,0xbdb3ba9ffe392549e1f8658dd2630c141fdf47b6,0xbdb3ba9ffe392549e1f8658dd2630c141fdf47b6,zero_for_one,1577858,0,0,1102345547,1577858,-1102345547,2094411409379220036802286206789,2094411409379220036802286206789,176606657645,65497,65497
1773910751,24690490,0x81ad3fad6356410b27dcc9ef5583cdda47e6978c8b3232cd926bf87dcd2975cf,272,0x9a772018fbd77fcd2d25657e5c547baff3fd7d16,0x2260fac5e5542a773aa44fbcfedf7c193bc2c599,0xa0b86991c6218b36c1d19d4a2e9eb0ce3606eb48,8,6,0x6747bcaf9bd5a5f0758cbe08903490e45ddfacb5,0x927434c669443b0768935f985f11d31043673e6c,zero_for_one,565173,0,0,394722596,565173,-394722596,2094234331422765487410626020768,2094234331422765487410626020768,176606657645,65495,65495
1773910751,24690490,0x825d86cf4363113d6d37a7454198c7fae02e32d00f892aa0afbcad73517a5f6b,477,0x9a772018fbd77fcd2d25657e5c547baff3fd7d16,0x2260fac5e5542a773aa44fbcfedf7c193bc2c599,0xa0b86991c6218b36c1d19d4a2e9eb0ce3606eb48,8,6,0x6a000f20005980200259b80c5102003040001068,0x6a000f20005980200259b80c5102003040001068,zero_for_one,67303,0,0,47000000,67303,-47000000,2094213246579827937779231451913,2094213246579827937779231451913,176606657645,65495,65495
1773910823,24690496,0x4e32040f352b3930bdacaf7ca39aea388241824df6ef24030d86864878fdd137,44,0x9a772018fbd77fcd2d25657e5c547baff3fd7d16,0x2260fac5e5542a773aa44fbcfedf7c193bc2c599,0xa0b86991c6218b36c1d19d4a2e9eb0ce3606eb48,8,6,0x51c72848c68a965f66fa7a88855f9f7784502a7f,0x51c72848c68a965f66fa7a88855f9f7784502a7f,one_for_zero,0,1426297504,2039753,0,-2039753,1426297504,2094852614866517558169701118814,2094852614866517558169701118814,176808287133,65501,65501
1773910847,24690498,0x050ac49ff4c3d1135be92481c0348ca909709f08987ba3e62add1a44708138b7,57,0x9a772018fbd77fcd2d25657e5c547baff3fd7d16,0x2260fac5e5542a773aa44fbcfedf7c193bc2c599,0xa0b86991c6218b36c1d19d4a2e9eb0ce3606eb48,8,6,0x51c72848c68a965f66fa7a88855f9f7784502a7f,0x51c72848c68a965f66fa7a88855f9f7784502a7f,one_for_zero,0,501486200,716881,0,-716881,501486200,2095077219520574338736602296524,2095077219520574338736602296524,176808287133,65503,65503
1773910907,24690503,0x7d95dd422403dac3d5b1b3e87313f35e8cf41f4baf8ae9068294f5871cefd993,269,0x9a772018fbd77fcd2d25657e5c547baff3fd7d16,0x2260fac5e5542a773aa44fbcfedf7c193bc2c599,0xa0b86991c6218b36c1d19d4a2e9eb0ce3606eb48,8,6,0x63242a4ea82847b20e506b63b0e2e2eff0cc6cb0,0x63242a4ea82847b20e506b63b0e2e2eff0cc6cb0,one_for_zero,0,1272779006,1818765,0,-1818765,1272779006,2095647269282133041884121906999,2095647269282133041884121906999,176808287133,65508,65508
1773910979,24690509,0xe468b64b19d5d772a51a3f5583e6050b5c02e419d883765a2b896d0d0c0ffe78,49,0x9a772018fbd77fcd2d25657e5c547baff3fd7d16,0x2260fac5e5542a773aa44fbcfedf7c193bc2c599,0xa0b86991c6218b36c1d19d4a2e9eb0ce3606eb48,8,6,0x51c72848c68a965f66fa7a88855f9f7784502a7f,0x51c72848c68a965f66fa7a88855f9f7784502a7f,one_for_zero,0,1484731324,2120388,0,-2120388,1484731324,2096313223990695189167753407778,2096313223990695189167753407778,176500365147,65515,65515
1773911099,24690519,0x025462643f3c9dfe9d6c0756c2429c3a02e7f3b3536aaa1452f58c479d56e713,43,0x9a772018fbd77fcd2d25657e5c547baff3fd7d16,0x2260fac5e5542a773aa44fbcfedf7c193bc2c599,0xa0b86991c6218b36c1d19d4a2e9eb0ce3606eb48,8,6,0x51c72848c68a965f66fa7a88855f9f7784502a7f,0x51c72848c68a965f66fa7a88855f9f7784502a7f,zero_for_one,742860,0,0,519749741,742860,-519749741,2096079916728200611516450554904,2096079916728200611516450554904,176500365147,65513,65513
1773911579,24690559,0xc1165ea533d125b7ca3a2e247f1510958438105c29bc5ace0ebb7b5e513c5ef2,70,0x9a772018fbd77fcd2d25657e5c547baff3fd7d16,0x2260fac5e5542a773aa44fbcfedf7c193bc2c599,0xa0b86991c6218b36c1d19d4a2e9eb0ce3606eb48,8,6,0x365084b05fa7d5028346bd21d842ed0601bab5b8,0x365084b05fa7d5028346bd21d842ed0601bab5b8,zero_for_one,1172511,0,0,820123409,1172511,-820123409,2095711847875084170863647588966,2095711847875084170863647588966,176808287133,65509,65509
1773911603,24690561,0x73a8488fe3421fa3082bca31deeebcc706c507bfc41fb24261aaced76a189e43,52,0x9a772018fbd77fcd2d25657e5c547baff3fd7d16,0x2260fac5e5542a773aa44fbcfedf7c193bc2c599,0xa0b86991c6218b36c1d19d4a2e9eb0ce3606eb48,8,6,0x51c72848c68a965f66fa7a88855f9f7784502a7f,0x51c72848c68a965f66fa7a88855f9f7784502a7f,zero_for_one,757011,0,0,529345854,757011,-529345854,2095474646892595425123042893465,2095474646892595425123042893465,176808287133,65507,65507
1773911615,24690562,0xa0f1588515c7b22dbc85352ae1b0c27dcb79fa1be868c0edc5c947b6e77b1689,70,0x9a772018fbd77fcd2d25657e5c547baff3fd7d16,0x2260fac5e5542a773aa44fbcfedf7c193bc2c599,0xa0b86991c6218b36c1d19d4a2e9eb0ce3606eb48,8,6,0x51c72848c68a965f66fa7a88855f9f7784502a7f,0x51c72848c68a965f66fa7a88855f9f7784502a7f,zero_for_one,2288738,0,0,1599689974,2288738,-1599689974,2094757822476006316739707086828,2094757822476006316739707086828,176808287133,65500,65500
1773911723,24690571,0xafbe178dd107ff46502dbd5b3a6dda126f3176af240721ab007bccc4412f4c53,204,0x9a772018fbd77fcd2d25657e5c547baff3fd7d16,0x2260fac5e5542a773aa44fbcfedf7c193bc2c599,0xa0b86991c6218b36c1d19d4a2e9eb0ce3606eb48,8,6,0xf48a3f7c0575c85cf4529aa220caf3c055773f1c,0xf48a3f7c0575c85cf4529aa220caf3c055773f1c,one_for_zero,0,869572693,1243081,0,-1243081,869572693,2095147284985826780571814731072,2095147284985826780571814731072,176808287133,65504,65504
1773911987,24690593,0x5c91f3e7c6b95cc5aa29cec2e9fd7a8a1cf2716af2ba636ba3a6c1ad67b9373a,81,0x9a772018fbd77fcd2d25657e5c547baff3fd7d16,0x2260fac5e5542a773aa44fbcfedf7c193bc2c599,0xa0b86991c6218b36c1d19d4a2e9eb0ce3606eb48,8,6,0x5050e08626c499411b5d0e0b5af0e83d3fd82edf,0x5050e08626c499411b5d0e0b5af0e83d3fd82edf,one_for_zero,0,1309811712,1871544,0,-1871544,1309811712,2095733920883183789948276748812,2095733920883183789948276748812,176808287133,65509,65509
1773912059,24690599,0x9c0b3fc8efb5bec4357a26ea5376ad5c2b66cd5a8ca99e525598a5e77554c254,170,0x9a772018fbd77fcd2d25657e5c547baff3fd7d16,0x2260fac5e5542a773aa44fbcfedf7c193bc2c599,0xa0b86991c6218b36c1d19d4a2e9eb0ce3606eb48,8,6,0x5050e08626c499411b5d0e0b5af0e83d3fd82edf,0x5050e08626c499411b5d0e0b5af0e83d3fd82edf,one_for_zero,0,413072430,590006,0,-590006,413072430,2095919216924916936751742563577,2095919216924916936751742563577,176500365147,65511,65511
1773912083,24690601,0xd58d52054451bd2bae35c21563465bc128de39c8722573cc4c2fb918a4f11f6d,421,0x9a772018fbd77fcd2d25657e5c547baff3fd7d16,0x2260fac5e5542a773aa44fbcfedf7c193bc2c599,0xa0b86991c6218b36c1d19d4a2e9eb0ce3606eb48,8,6,0x5050e08626c499411b5d0e0b5af0e83d3fd82edf,0x5050e08626c499411b5d0e0b5af0e83d3fd82edf,one_for_zero,0,292754816,418089,0,-418089,292754816,2096050564125584771076301495387,2096050564125584771076301495387,176500365147,65512,65512
1773912095,24690602,0x1993e333076f353e8afae24488d5d79756e01796f9bb15bd40bb12047a5f1388,91,0x9a772018fbd77fcd2d25657e5c547baff3fd7d16,0x2260fac5e5542a773aa44fbcfedf7c193bc2c599,0xa0b86991c6218b36c1d19d4a2e9eb0ce3606eb48,8,6,0x5050e08626c499411b5d0e0b5af0e83d3fd82edf,0x5050e08626c499411b5d0e0b5af0e83d3fd82edf,one_for_zero,0,1924509208,2747132,0,-2747132,1924509208,2096914013277484116781821260172,2096914013277484116781821260172,176500365147,65521,65521
1773912107,24690603,0xf61f790e996e8fb23b939021db4ad9be73f2b3d1f3bc29fb984a95b1adcc5d25,120,0x9a772018fbd77fcd2d25657e5c547baff3fd7d16,0x2260fac5e5542a773aa44fbcfedf7c193bc2c599,0xa0b86991c6218b36c1d19d4a2e9eb0ce3606eb48,8,6,0x51c72848c68a965f66fa7a88855f9f7784502a7f,0x51c72848c68a965f66fa7a88855f9f7784502a7f,one_for_zero,0,4535323116,6464988,0,-6464988,4535323116,2098948828638328081327061995799,2098948828638328081327061995799,176500365147,65540,65540
1773912131,24690605,0xc53c57736872250ef7f20113346180d4f011538b9fcdbb3e4b5632bed5c88b24,36,0x9a772018fbd77fcd2d25657e5c547baff3fd7d16,0x2260fac5e5542a773aa44fbcfedf7c193bc2c599,0xa0b86991c6218b36c1d19d4a2e9eb0ce3606eb48,8,6,0x1f2f10d1c40777ae1da742455c65828ff36df387,0x1f2f10d1c40777ae1da742455c65828ff36df387,zero_for_one,423375,0,0,296978244,423375,-296978244,2098815519902341974648243534509,2098815519902341974648243534509,176500365147,65539,65539
1773912131,24690605,0x175f74d6d6fc89fb708187e3284967f6faeea2c554d17247aacd8dc7e669fb3f,1458,0x9a772018fbd77fcd2d25657e5c547baff3fd7d16,0x2260fac5e5542a773aa44fbcfedf7c193bc2c599,0xa0b86991c6218b36c1d19d4a2e9eb0ce3606eb48,8,6,0xe592427a0aece92de3edee1f18e0157c05861564,0xfdaf1f1714810f8d88a57c9d551d442c68ace2bb,zero_for_one,34133,0,0,23940461,34133,-23940461,2098804773415929657692542061104,2098804773415929657692542061104,176500365147,65539,65539
1773912143,24690606,0xb62760598f321e7025370646e60b2cf05572bf9761b5be3f6e00578e54445198,240,0x9a772018fbd77fcd2d25657e5c547baff3fd7d16,0x2260fac5e5542a773aa44fbcfedf7c193bc2c599,0xa0b86991c6218b36c1d19d4a2e9eb0ce3606eb48,8,6,0xbdb3ba9ffe392549e1f8658dd2630c141fdf47b6,0xbdb3ba9ffe392549e1f8658dd2630c141fdf47b6,one_for_zero,0,1161741127,1654243,0,-1654243,1161741127,2099325999496061857691745215825,2099325999496061857691745215825,176500365147,65544,65544
1773912155,24690607,0x9d1af58f4741f600ece6c3213139faaf1e72341b4ed9c76217fc2d9d51c5c410,187,0x9a772018fbd77fcd2d25657e5c547baff3fd7d16,0x2260fac5e5542a773aa44fbcfedf7c193bc2c599,0xa0b86991c6218b36c1d19d4a2e9eb0ce3606eb48,8,6,0x51c72848c68a965f66fa7a88855f9f7784502a7f,0x51c72848c68a965f66fa7a88855f9f7784502a7f,one_for_zero,0,533382059,759226,0,-759226,533382059,2099565306371718174687745283482,2099565306371718174687745283482,176500365147,65546,65546
1773912167,24690608,0xdffc8262a76e4bf2d03e08d3cd99c4ed6769d1e8ec6706b99045ee65e8b8f557,340,0x9a772018fbd77fcd2d25657e5c547baff3fd7d16,0x2260fac5e5542a773aa44fbcfedf7c193bc2c599,0xa0b86991c6218b36c1d19d4a2e9eb0ce3606eb48,8,6,0xbdb3ba9ffe392549e1f8658dd2630c141fdf47b6,0xbdb3ba9ffe392549e1f8658dd2630c141fdf47b6,one_for_zero,0,2286801419,3253115,0,-3253115,2286801419,2100591301330716214514005306800,2100591301330716214514005306800,176500365147,65556,65556
1773912203,24690611,0xd6a497cd8950cace7d90c5967c436f15226c253d0bae796b9c71a5ed263dd171,918,0x9a772018fbd77fcd2d25657e5c547baff3fd7d16,0x2260fac5e5542a773aa44fbcfedf7c193bc2c599,0xa0b86991c6218b36c1d19d4a2e9eb0ce3606eb48,8,6,0xbdb3ba9ffe392549e1f8658dd2630c141fdf47b6,0xbdb3ba9ffe392549e1f8658dd2630c141fdf47b6,zero_for_one,882697,0,0,620098289,882697,-620098289,2100312949226288520944886329170,2100312949226288520944886329170,176500365147,65553,65553
1773912215,24690612,0x5dc99d440071ee980b1c58b5c9b73ff9205110612bd3beb4d0e58e1aee7556b2,530,0x9a772018fbd77fcd2d25657e5c547baff3fd7d16,0x2260fac5e5542a773aa44fbcfedf7c193bc2c599,0xa0b86991c6218b36c1d19d4a2e9eb0ce3606eb48,8,6,0x278d858f05b94576c1e6f73285886876ff6ef8d2,0x278d858f05b94576c1e6f73285886876ff6ef8d2,one_for_zero,0,1618888608,2301657,0,-2301657,1618888608,2101039278822121818798643455908,2101039278822121818798643455908,176500365147,65560,65560
1773912215,24690612,0x64f671e0707bd624f60b1ee47d0a94995e161f871baf1bb62ad242dd9538cedf,543,0x9a772018fbd77fcd2d25657e5c547baff3fd7d16,0x2260fac5e5542a773aa44fbcfedf7c193bc2c599,0xa0b86991c6218b36c1d19d4a2e9eb0ce3606eb48,8,6,0x06cff7088619c7178f5e14f0b119458d08d2f5ef,0x06cff7088619c7178f5e14f0b119458d08d2f5ef,zero_for_one,291595,0,0,204951833,291595,-204951833,2100947279255327742036719488455,2100947279255327742036719488455,176500365147,65559,65559
1773912215,24690612,0xb653a45bfe99e2519d2f6adeaee217b0d0840ed3c6cf4a550c0678880923896f,683,0x9a772018fbd77fcd2d25657e5c547baff3fd7d16,0x2260fac5e5542a773aa44fbcfedf7c193bc2c599,0xa0b86991c6218b36c1d19d4a2e9eb0ce3606eb48,8,6,0xbdb3ba9ffe392549e1f8658dd2630c141fdf47b6,0xbdb3ba9ffe392549e1f8658dd2630c141fdf47b6,zero_for_one,738444,0,0,518946864,738444,-518946864,2100714332391573404838431501220,2100714332391573404838431501220,176500365147,65557,65557
1773912227,24690613,0x80ce3644f1a80e1e4ccccf860305a211606227279c4ebb885286b82696674432,69,0x9a772018fbd77fcd2d25657e5c547baff3fd7d16,0x2260fac5e5542a773aa44fbcfedf7c193bc2c599,0xa0b86991c6218b36c1d19d4a2e9eb0ce3606eb48,8,6,0xbdb3ba9ffe392549e1f8658dd2630c141fdf47b6,0xbdb3ba9ffe392549e1f8658dd2630c141fdf47b6,zero_for_one,2652633,0,0,1863209725,2652633,-1863209725,2099877967646216151765482487979,2099877967646216151765482487979,176500365147,65549,65549
1773912239,24690614,0xd1d08918256efc83f10a3c15f019d60367c640ef8be7ef36aa8208f00f5ddba9,372,0x9a772018fbd77fcd2d25657e5c547baff3fd7d16,0x2260fac5e5542a773aa44fbcfedf7c193bc2c599,0xa0b86991c6218b36c1d19d4a2e9eb0ce3606eb48,8,6,0xbdb3ba9ffe392549e1f8658dd2630c141fdf47b6,0xbdb3ba9ffe392549e1f8658dd2630c141fdf47b6,zero_for_one,720845,0,0,506065000,720845,-506065000,2099650803243043582256993932313,2099650803243043582256993932313,176500365147,65547,65547
1773912239,24690614,0x9e7e6b3d85f0f02f34531069526dec529c656d8bc0c701e51ed8aee3e2effe3f,1124,0x9a772018fbd77fcd2d25657e5c547baff3fd7d16,0x2260fac5e5542a773aa44fbcfedf7c193bc2c599,0xa0b86991c6218b36c1d19d4a2e9eb0ce3606eb48,8,6,0x22369ee0693206850a7c99ec41d5fac49f20568d,0x22369ee0693206850a7c99ec41d5fac49f20568d,one_for_zero,0,336474581,478816,0,-478816,336474581,2099801765727317144181487338224,2099801765727317144181487338224,176500365147,65548,65548
1773912287,24690618,0xc47ec928263a1dd557b9c9da4e915575de7f8ebfd9c7e30407c5da10e421afc5,43,0x9a772018fbd77fcd2d25657e5c547baff3fd7d16,0x2260fac5e5542a773aa44fbcfedf7c193bc2c599,0xa0b86991c6218b36c1d19d4a2e9eb0ce3606eb48,8,6,0xbdb3ba9ffe392549e1f8658dd2630c141fdf47b6,0xbdb3ba9ffe392549e1f8658dd2630c141fdf47b6,zero_for_one,2141651,0,0,1503104990,2141651,-1503104990,2099127046179906675222220765023,2099127046179906675222220765023,176500365147,65542,65542
1773912347,24690623,0x52a9b59d3a11de6de39424beee7ed1d089f6035618b619874e05675de12f663d,51,0x9a772018fbd77fcd2d25657e5c547baff3fd7d16,0x2260fac5e5542a773aa44fbcfedf7c193bc2c599,0xa0b86991c6218b36c1d19d4a2e9eb0ce3606eb48,8,6,0xbdb3ba9ffe392549e1f8658dd2630c141fdf47b6,0xbdb3ba9ffe392549e1f8658dd2630c141fdf47b6,zero_for_one,1773508,0,0,1243994971,1773508,-1243994971,2098568636934095394387600683918,2098568636934095394387600683918,176500365147,65536,65536
1773912359,24690624,0x5fb05beb30f96011ba25cc772347f8fc7623df70c915400461f957740aba5a99,97,0x9a772018fbd77fcd2d25657e5c547baff3fd7d16,0x2260fac5e5542a773aa44fbcfedf7c193bc2c599,0xa0b86991c6218b36c1d19d4a2e9eb0ce3606eb48,8,6,0xbdb3ba9ffe392549e1f8658dd2630c141fdf47b6,0xbdb3ba9ffe392549e1f8658dd2630c141fdf47b6,zero_for_one,618667,0,0,433796626,618667,-433796626,2098373912636470678666410407841,2098373912636470678666410407841,176500365147,65535,65535
1773912395,24690627,0x3f3ec9adb5b3c85aad0605a9bd7012fa4785592af853e33969412d68db4cb9ce,67,0x9a772018fbd77fcd2d25657e5c547baff3fd7d16,0x2260fac5e5542a773aa44fbcfedf7c193bc2c599,0xa0b86991c6218b36c1d19d4a2e9eb0ce3606eb48,8,6,0x51c72848c68a965f66fa7a88855f9f7784502a7f,0x51c72848c68a965f66fa7a88855f9f7784502a7f,zero_for_one,2876828,0,0,2016117549,2876828,-2016117549,2097468910039182099329477558642,2097468910039182099329477558642,176500365147,65526,65526
1773912599,24690644,0x8712cebe1c46c8e6847a361c0dcb6710fab7c9e512dcd026e345581327fc4e38,45,0x9a772018fbd77fcd2d25657e5c547baff3fd7d16,0x2260fac5e5542a773aa44fbcfedf7c193bc2c599,0xa0b86991c6218b36c1d19d4a2e9eb0ce3606eb48,8,6,0xbdb3ba9ffe392549e1f8658dd2630c141fdf47b6,0xbdb3ba9ffe392549e1f8658dd2630c141fdf47b6,one_for_zero,0,943327339,1345010,0,-1345010,943327339,2097892142719659452422316872896,2097892142719659452422316872896,176500365147,65530,65530
1773912611,24690645,0x607437b952c697f0ae670064dcf4f9f3df5badc87769e9ab56fa6c36c1cae245,33,0x9a772018fbd77fcd2d25657e5c547baff3fd7d16,0x2260fac5e5542a773aa44fbcfedf7c193bc2c599,0xa0b86991c6218b36c1d19d4a2e9eb0ce3606eb48,8,6,0xbdb3ba9ffe392549e1f8658dd2630c141fdf47b6,0xbdb3ba9ffe392549e1f8658dd2630c141fdf47b6,one_for_zero,0,1250549191,1782215,0,-1782215,1250549191,2098453213372770205483347583913,2098453213372770205483347583913,176500365147,65535,65535
1773912647,24690648,0x08f0490dabdde8968605e8e59fad10c0a897f16190467865adf9b31b47770577,63,0x9a772018fbd77fcd2d25657e5c547baff3fd7d16,0x2260fac5e5542a773aa44fbcfedf7c193bc2c599,0xa0b86991c6218b36c1d19d4a2e9eb0ce3606eb48,8,6,0x5050e08626c499411b5d0e0b5af0e83d3fd82edf,0x5050e08626c499411b5d0e0b5af0e83d3fd82edf,one_for_zero,0,1118842877,1593707,0,-1593707,1118842877,2098955192749617171447587321987,2098955192749617171447587321987,176500365147,65540,65540
1773912743,24690656,0xafce60ca86943b42439dfea3899b02d58b7d379d0952258831bbedae7270964c,89,0x9a772018fbd77fcd2d25657e5c547baff3fd7d16,0x2260fac5e5542a773aa44fbcfedf7c193bc2c599,0xa0b86991c6218b36c1d19d4a2e9eb0ce3606eb48,8,6,0xbdb3ba9ffe392549e1f8658dd2630c141fdf47b6,0xbdb3ba9ffe392549e1f8658dd2630c141fdf47b6,zero_for_one,844629,0,0,592434817,844629,-592434817,2098689258330865931225667981081,2098689258330865931225667981081,176500365147,65538,65538
1773912779,24690659,0x1678a22d132540d869978a4cfd7a22a00a2f42a958b8194f4575239921197fd2,83,0x9a772018fbd77fcd2d25657e5c547baff3fd7d16,0x2260fac5e5542a773aa44fbcfedf7c193bc2c599,0xa0b86991c6218b36c1d19d4a2e9eb0ce3606eb48,8,6,0x51c72848c68a965f66fa7a88855f9f7784502a7f,0x51c72848c68a965f66fa7a88855f9f7784502a7f,zero_for_one,942496,0,0,660902939,942496,-660902939,2098392589678281373984685517847,2098392589678281373984685517847,176500365147,65535,65535
1773912839,24690664,0xd89d4e2eb1fa568042bd5b88f70a00175beffbc75b34501e37898691264fac2c,31,0x9a772018fbd77fcd2d25657e5c547baff3fd7d16,0x2260fac5e5542a773aa44fbcfedf7c193bc2c599,0xa0b86991c6218b36c1d19d4a2e9eb0ce3606eb48,8,6,0x51c72848c68a965f66fa7a88855f9f7784502a7f,0x51c72848c68a965f66fa7a88855f9f7784502a7f,zero_for_one,1883301,0,0,1320061362,1883301,-1320061362,2097800035458535861348512542490,2097800035458535861348512542490,176500365147,65529,65529
1773912851,24690665,0x8cd219a308799e0a196447da712944458fd14ef41ffad2ce15d2f9eafbc89241,166,0x9a772018fbd77fcd2d25657e5c547baff3fd7d16,0x2260fac5e5542a773aa44fbcfedf7c193bc2c599,0xa0b86991c6218b36c1d19d4a2e9eb0ce3606eb48,8,6,0xbdb3ba9ffe392549e1f8658dd2630c141fdf47b6,0xbdb3ba9ffe392549e1f8658dd2630c141fdf47b6,zero_for_one,1871140,0,0,1310799182,1871140,-1310799182,2097211638881938520741876436133,2097211638881938520741876436133,176500365147,65523,65523
1773912935,24690672,0x44c58cbbd53e7a5573c2334270aead003b36afce9fd334a2c806495e5dd97559,44,0x9a772018fbd77fcd2d25657e5c547baff3fd7d16,0x2260fac5e5542a773aa44fbcfedf7c193bc2c599,0xa0b86991c6218b36c1d19d4a2e9eb0ce3606eb48,8,6,0x51c72848c68a965f66fa7a88855f9f7784502a7f,0x51c72848c68a965f66fa7a88855f9f7784502a7f,one_for_zero,0,979088560,1396331,0,-1396331,979088560,2097650916170300758649029889372,2097650916170300758649029889372,176500365147,65528,65528
1773912971,24690675,0x0e9b4b6d6f6ad24125792a85fd71849f05cb3ce33cf5a63933eebe7e76e94e98,196,0x9a772018fbd77fcd2d25657e5c547baff3fd7d16,0x2260fac5e5542a773aa44fbcfedf7c193bc2c599,0xa0b86991c6218b36c1d19d4a2e9eb0ce3606eb48,8,6,0x51c72848c68a965f66fa7a88855f9f7784502a7f,0x51c72848c68a965f66fa7a88855f9f7784502a7f,one_for_zero,0,647239528,922742,0,-922742,647239528,2097941306270340492460348099106,2097941306270340492460348099106,176500365147,65530,65530
1773913043,24690681,0x65af1cbd6a738cd737d65d7fcba9478abd887223f0003ab3214045a0eb19fee2,104,0x9a772018fbd77fcd2d25657e5c547baff3fd7d16,0x2260fac5e5542a773aa44fbcfedf7c193bc2c599,0xa0b86991c6218b36c1d19d4a2e9eb0ce3606eb48,8,6,0x51c72848c68a965f66fa7a88855f9f7784502a7f,0x51c72848c68a965f66fa7a88855f9f7784502a7f,one_for_zero,0,1142904287,1628767,0,-1628767,1142904287,2098454081024897823020363871359,2098454081024897823020363871359,176500365147,65535,65535
1773913163,24690691,0xda70fa1c34e03716e22bf41f4b343c1cba3acd6dfbbb5dd15ec267efbe0097b3,51,0x9a772018fbd77fcd2d25657e5c547baff3fd7d16,0x2260fac5e5542a773aa44fbcfedf7c193bc2c599,0xa0b86991c6218b36c1d19d4a2e9eb0ce3606eb48,8,6,0x51c72848c68a965f66fa7a88855f9f7784502a7f,0x51c72848c68a965f66fa7a88855f9f7784502a7f,one_for_zero,0,2288716735,3259287,0,-3259287,2288716735,2099480935308275209945226341636,2099480935308275209945226341636,176500365147,65545,65545
1773913199,24690694,0x1ac01016b5d08b7fc483bb16b0c43d89a6515a5b326ed2f084c6bce5c7d2b2b5,254,0x9a772018fbd77fcd2d25657e5c547baff3fd7d16,0x2260fac5e5542a773aa44fbcfedf7c193bc2c599,0xa0b86991c6218b36c1d19d4a2e9eb0ce3606eb48,8,6,0xe592427a0aece92de3edee1f18e0157c05861564,0xe592427a0aece92de3edee1f18e0157c05861564,one_for_zero,0,44000000,62627,0,-62627,44000000,2099500676322001444381177408444,2099500676322001444381177408444,176500365147,65545,65545
1773913223,24690696,0x2fefc193d9e1004d66606d26d361b44fd0dfadb1ee4d97dcd641d287fdf90418,41,0x9a772018fbd77fcd2d25657e5c547baff3fd7d16,0x2260fac5e5542a773aa44fbcfedf7c193bc2c599,0xa0b86991c6218b36c1d19d4a2e9eb0ce3606eb48,8,6,0x0bb7a4fdea32910038dec59c20ccae3a6e66b09f,0x111111125421ca6dc452d289314280a0f8842a65,zero_for_one,240891,0,0,169067271,240891,-169067271,2099424784755093705244477899167,2099424784755093705244477899167,176500365147,65545,65545
1773913235,24690697,0xbce1a126ea9bea1839cb6d67ec085672289d54fbe26a8109b92b61ad414db416,138,0x9a772018fbd77fcd2d25657e5c547baff3fd7d16,0x2260fac5e5542a773aa44fbcfedf7c193bc2c599,0xa0b86991c6218b36c1d19d4a2e9eb0ce3606eb48,8,6,0xbdb3ba9ffe392549e1f8658dd2630c141fdf47b6,0xbdb3ba9ffe392549e1f8658dd2630c141fdf47b6,one_for_zero,0,483654473,688385,0,-688385,483654473,2099641780881802066119760729133,2099641780881802066119760729133,176500365147,65547,65547
1773913259,24690699,0xe2934f3a7501b9c27ee7706a36987b1601a4f1854314231f02040f04d8c1623c,73,0x9a772018fbd77fcd2d25657e5c547baff3fd7d16,0x2260fac5e5542a773aa44fbcfedf7c193bc2c599,0xa0b86991c6218b36c1d19d4a2e9eb0ce3606eb48,8,6,0x51c72848c68a965f66fa7a88855f9f7784502a7f,0x51c72848c68a965f66fa7a88855f9f7784502a7f,one_for_zero,0,1394126533,1983464,0,-1983464,1394126533,2100267268859292369486371523901,2100267268859292369486371523901,176500365147,65553,65553
1773913415,24690712,0x5454c9b91a89ce0cb36a48fc31226880678983d4e87fc61f923f296db28b7437,24,0x9a772018fbd77fcd2d25657e5c547baff3fd7d16,0x2260fac5e5542a773aa44fbcfedf7c193bc2c599,0xa0b86991c6218b36c1d19d4a2e9eb0ce3606eb48,8,6,0xbdb3ba9ffe392549e1f8658dd2630c141fdf47b6,0xbdb3ba9ffe392549e1f8658dd2630c141fdf47b6,one_for_zero,0,554680736,788831,0,-788831,554680736,2100516131586805352611051625139,2100516131586805352611051625139,176500365147,65555,65555
1773913427,24690713,0xdcf482b300569c31c9a23bfa1616c10f6d9a930099ed8be33a6ada7a7060d8df,45,0x9a772018fbd77fcd2d25657e5c547baff3fd7d16,0x2260fac5e5542a773aa44fbcfedf7c193bc2c599,0xa0b86991c6218b36c1d19d4a2e9eb0ce3606eb48,8,6,0xbdb3ba9ffe392549e1f8658dd2630c141fdf47b6,0xbdb3ba9ffe392549e1f8658dd2630c141fdf47b6,one_for_zero,0,749267308,1065263,0,-1065263,749267308,2100852297409646555273525501964,2100852297409646555273525501964,176500365147,65558,65558
1773913511,24690720,0x0ed61fb74c28561ab625b89acf4730036993d31c87f145956a8b0ada5db322d5,78,0x9a772018fbd77fcd2d25657e5c547baff3fd7d16,0x2260fac5e5542a773aa44fbcfedf7c193bc2c599,0xa0b86991c6218b36c1d19d4a2e9eb0ce3606eb48,8,6,0x66a9893cc07d91d95644aedd05d03f95e1dba8af,0xc2c76c0bb31bf7f5ed398bfe9314f20e4ec8a432,zero_for_one,42547,0,0,29900000,42547,-29900000,2100838875782687293605533849374,2100838875782687293605533849374,176500365147,65558,65558
1773913535,24690722,0xf708ba4024d6023142f4914672a254eb604ac008e4dfbc102ab8af4839fd40cf,96,0x9a772018fbd77fcd2d25657e5c547baff3fd7d16,0x2260fac5e5542a773aa44fbcfedf7c193bc2c599,0xa0b86991c6218b36c1d19d4a2e9eb0ce3606eb48,8,6,0xbdb3ba9ffe392549e1f8658dd2630c141fdf47b6,0xbdb3ba9ffe392549e1f8658dd2630c141fdf47b6,one_for_zero,0,406798904,578227,0,-578227,406798904,2101021389935797694453859824365,2101021389935797694453859824365,176500365147,65560,65560
1773913583,24690726,0x070028c0489f58f56c5c63c193dc1556ee0d08fc7adefc2fe9497e55d2ae736f,75,0x9a772018fbd77fcd2d25657e5c547baff3fd7d16,0x2260fac5e5542a773aa44fbcfedf7c193bc2c599,0xa0b86991c6218b36c1d19d4a2e9eb0ce3606eb48,8,6,0x6747bcaf9bd5a5f0758cbe08903490e45ddfacb5,0x1231deb6f5749ef6ce6943a275a1d3e7486f4eae,zero_for_one,427926,0,0,300763622,427926,-300763622,2100886382004407134105169422153,2100886382004407134105169422153,176500365147,65558,65558
1773913655,24690732,0x901508e1d04b0f7b8436fecbd3720e77f76b5fb72612d03dd24b62ba5512aa92,517,0x9a772018fbd77fcd2d25657e5c547baff3fd7d16,0x2260fac5e5542a773aa44fbcfedf7c193bc2c599,0xa0b86991c6218b36c1d19d4a2e9eb0ce3606eb48,8,6,0x990636ecb3ff04d33d92e970d3d588bf5cd8d086,0x990636ecb3ff04d33d92e970d3d588bf5cd8d086,one_for_zero,0,591229963,840307,0,-840307,591229963,2101151642886556649701692488780,2101151642886556649701692488780,176500365147,65561,65561
1773913799,24690744,0x1875423931fade23091fa16c1936a17f8f2eb7aca37f7fc4305ba45626803c2a,90,0x9a772018fbd77fcd2d25657e5c547baff3fd7d16,0x2260fac5e5542a773aa44fbcfedf7c193bc2c599,0xa0b86991c6218b36c1d19d4a2e9eb0ce3606eb48,8,6,0xbdb3ba9ffe392549e1f8658dd2630c141fdf47b6,0xbdb3ba9ffe392549e1f8658dd2630c141fdf47b6,one_for_zero,0,2284046990,3244295,0,-3244295,2284046990,2102176402044988018984354259418,2102176402044988018984354259418,176500365147,65571,65571
1773913811,24690745,0x64c32a763981b1467ae1d12e0fb034d90d38b2986b5b04906edd4f5d959bffaf,794,0x9a772018fbd77fcd2d25657e5c547baff3fd7d16,0x2260fac5e5542a773aa44fbcfedf7c193bc2c599,0xa0b86991c6218b36c1d19d4a2e9eb0ce3606eb48,8,6,0x06cff7088619c7178f5e14f0b119458d08d2f5ef,0x06cff7088619c7178f5e14f0b119458d08d2f5ef,zero_for_one,157876,0,0,111088112,157876,-111088112,2102126536386139350941426524369,2102126536386139350941426524369,176500365147,65570,65570
1773913847,24690748,0xa055a39e8c68378961b1a7b4b8c3fa1c110b750e461d35b6cc6ece6fa2642800,84,0x9a772018fbd77fcd2d25657e5c547baff3fd7d16,0x2260fac5e5542a773aa44fbcfedf7c193bc2c599,0xa0b86991c6218b36c1d19d4a2e9eb0ce3606eb48,8,6,0x51c72848c68a965f66fa7a88855f9f7784502a7f,0x51c72848c68a965f66fa7a88855f9f7784502a7f,zero_for_one,1072229,0,0,754325119,1072229,-754325119,2101787932026458850949741635894,2101787932026458850949741635894,176500365147,65567,65567
1773913895,24690752,0x8f3e4eadb747d64f228ca6aed40510256cbdad8672895239771b09e88a3d22d6,103,0x9a772018fbd77fcd2d25657e5c547baff3fd7d16,0x2260fac5e5542a773aa44fbcfedf7c193bc2c599,0xa0b86991c6218b36c1d19d4a2e9eb0ce3606eb48,8,6,0x1f2f10d1c40777ae1da742455c65828ff36df387,0x1f2f10d1c40777ae1da742455c65828ff36df387,zero_for_one,349332,0,0,245706463,349332,-245706463,2101677638364657324878380121807,2101677638364657324878380121807,176500365147,65566,65566
1773913919,24690754,0x87892c9b44dc56b4209ebfc8778ef318c1b09cb9e9721b674014b4342775ccc9,571,0x9a772018fbd77fcd2d25657e5c547baff3fd7d16,0x2260fac5e5542a773aa44fbcfedf7c193bc2c599,0xa0b86991c6218b36c1d19d4a2e9eb0ce3606eb48,8,6,0xbdb3ba9ffe392549e1f8658dd2630c141fdf47b6,0xbdb3ba9ffe392549e1f8658dd2630c141fdf47b6,one_for_zero,0,623358049,885298,0,-885298,623358049,2101957313814257341372128706018,2101957313814257341372128706018,176500365147,65569,65569
1773914075,24690767,0xc415b76938928191adda4c099646cf6b964b72184a9fee36e5e23c62421d4a91,217,0x9a772018fbd77fcd2d25657e5c547baff3fd7d16,0x2260fac5e5542a773aa44fbcfedf7c193bc2c599,0xa0b86991c6218b36c1d19d4a2e9eb0ce3606eb48,8,6,0x51c72848c68a965f66fa7a88855f9f7784502a7f,0x51c72848c68a965f66fa7a88855f9f7784502a7f,zero_for_one,1071095,0,0,753406465,1071095,-753406465,2101619121823336322134186849694,2101619121823336322134186849694,176500365147,65565,65565
1773914087,24690768,0x287c1aa4fb09537ddedb8a8a6422b3e49cc13440ed2215c618953d7b829e131a,259,0x9a772018fbd77fcd2d25657e5c547baff3fd7d16,0x2260fac5e5542a773aa44fbcfedf7c193bc2c599,0xa0b86991c6218b36c1d19d4a2e9eb0ce3606eb48,8,6,0xbdb3ba9ffe392549e1f8658dd2630c141fdf47b6,0xbdb3ba9ffe392549e1f8658dd2630c141fdf47b6,zero_for_one,635210,0,0,446691072,635210,-446691072,2101418609417452674218657269117,2101418609417452674218657269117,176500365147,65564,65564
1773914087,24690768,0x7476040be66f4cd11e9af8f31b73e5b87a6c5b14cd36aa3b0c769fc14a2a97f6,543,0x9a772018fbd77fcd2d25657e5c547baff3fd7d16,0x2260fac5e5542a773aa44fbcfedf7c193bc2c599,0xa0b86991c6218b36c1d19d4a2e9eb0ce3606eb48,8,6,0xbc1d9760bd6ca468ca9fb5ff2cfbeac35d86c973,0x78ace9b2ee9a31737fad748015266a59f32dc79a,zero_for_one,159173,0,0,111919733,159173,-111919733,2101368370457004616565899521307,2101368370457004616565899521307,176500365147,65563,65563
1773914183,24690776,0xfc5b389dffb72b821ce673c643c9ab861295f18454b474425aa56a860567173e,200,0x9a772018fbd77fcd2d25657e5c547baff3fd7d16,0x2260fac5e5542a773aa44fbcfedf7c193bc2c599,0xa0b86991c6218b36c1d19d4a2e9eb0ce3606eb48,8,6,0xf48a3f7c0575c85cf4529aa220caf3c055773f1c,0xf48a3f7c0575c85cf4529aa220caf3c055773f1c,zero_for_one,7200,0,0,5062160,7200,-5062160,2101366098134994499555923464708,2101366098134994499555923464708,176500365147,65563,65563
1773914219,24690779,0x1acf84864de3f0f16298220bd7b496c570f6e1cb96927fe90cd2d60b0da8e1b1,426,0x9a772018fbd77fcd2d25657e5c547baff3fd7d16,0x2260fac5e5542a773aa44fbcfedf7c193bc2c599,0xa0b86991c6218b36c1d19d4a2e9eb0ce3606eb48,8,6,0x51c72848c68a965f66fa7a88855f9f7784502a7f,0x51c72848c68a965f66fa7a88855f9f7784502a7f,one_for_zero,0,707321265,1004823,0,-1004823,707321265,2101683444471220955309405141058,2101683444471220955309405141058,176500365147,65566,65566
1773914267,24690783,0x2b3c87860e524116737fe4502f3832beff7e1a80f7c20dff5be35a1f3be6c742,106,0x9a772018fbd77fcd2d25657e5c547baff3fd7d16,0x2260fac5e5542a773aa44fbcfedf7c193bc2c599,0xa0b86991c6218b36c1d19d4a2e9eb0ce3606eb48,8,6,0x66a9893cc07d91d95644aedd05d03f95e1dba8af,0x5cb39ff05d5d72344f1bcdca1834501b262f162e,zero_for_one,1778,0,0,1250000,1778,-1250000,2101682883366414966109238265949,2101682883366414966109238265949,176500365147,65566,65566
1773914267,24690783,0xb21c695ecf312a025acac2ab620a506285c1f8f1897fd244573043287c015fba,110,0x9a772018fbd77fcd2d25657e5c547baff3fd7d16,0x2260fac5e5542a773aa44fbcfedf7c193bc2c599,0xa0b86991c6218b36c1d19d4a2e9eb0ce3606eb48,8,6,0x51c72848c68a965f66fa7a88855f9f7784502a7f,0x51c72848c68a965f66fa7a88855f9f7784502a7f,one_for_zero,0,577873543,820704,0,-820704,577873543,2101942151765048549004150020863,2101942151765048549004150020863,176500365147,65568,65568
1773914315,24690787,0x7af87e2c7e0283e323c7edbbbb2e484c484ffc9d8ec56d0a8cf044c8d586a050,177,0x9a772018fbd77fcd2d25657e5c547baff3fd7d16,0x2260fac5e5542a773aa44fbcfedf7c193bc2c599,0xa0b86991c6218b36c1d19d4a2e9eb0ce3606eb48,8,6,0xa5f91e598668040055dc861a7316e677a5b730b0,0x6a93ef5f666eebe84ba130f8404ad56ee197006c,zero_for_one,715,0,0,502551,715,-502551,2101941926177828589099184739052,2101941926177828589099184739052,176500365147,65568,65568
1773914495,24690802,0xf628bc4d76accd3b8a42c22359470bb92aa69ca88cb0851c6847149071b9f644,154,0x9a772018fbd77fcd2d25657e5c547baff3fd7d16,0x2260fac5e5542a773aa44fbcfedf7c193bc2c599,0xa0b86991c6218b36c1d19d4a2e9eb0ce3606eb48,8,6,0x51c72848c68a965f66fa7a88855f9f7784502a7f,0x51c72848c68a965f66fa7a88855f9f7784502a7f,zero_for_one,733726,0,0,516120386,733726,-516120386,2101710248074572421802560593523,2101710248074572421802560593523,176500365147,65566,65566
1773914519,24690804,0x831219c8a2ef39d21017e1fd1d172dbce82953a44811db0c17ce784a01b7756f,89,0x9a772018fbd77fcd2d25657e5c547baff3fd7d16,0x2260fac5e5542a773aa44fbcfedf7c193bc2c599,0xa0b86991c6218b36c1d19d4a2e9eb0ce3606eb48,8,6,0x51c72848c68a965f66fa7a88855f9f7784502a7f,0x51c72848c68a965f66fa7a88855f9f7784502a7f,zero_for_one,726828,0,0,511155688,726828,-511155688,2101480798543868171731126860573,2101480798543868171731126860573,176500365147,65564,65564
1773914687,24690818,0xdc1a222465987bb31b35d64527361aba809e49a940ba879898d196ec88ee8a8e,88,0x9a772018fbd77fcd2d25657e5c547baff3fd7d16,0x2260fac5e5542a773aa44fbcfedf7c193bc2c599,0xa0b86991c6218b36c1d19d4a2e9eb0ce3606eb48,8,6,0x51c72848c68a965f66fa7a88855f9f7784502a7f,0x51c72848c68a965f66fa7a88855f9f7784502a7f,zero_for_one,1027033,0,0,722090590,1027033,-722090590,2101156663743296309587838270505,2101156663743296309587838270505,176500365147,65561,65561
1773914855,24690832,0xa7f20acd2d9aa7377cba652e749795ac194f7fdc188e01ffef5cfd907cf7b094,83,0x9a772018fbd77fcd2d25657e5c547baff3fd7d16,0x2260fac5e5542a773aa44fbcfedf7c193bc2c599,0xa0b86991c6218b36c1d19d4a2e9eb0ce3606eb48,8,6,0x51c72848c68a965f66fa7a88855f9f7784502a7f,0x51c72848c68a965f66fa7a88855f9f7784502a7f,one_for_zero,0,514438890,730989,0,-730989,514438890,2101387471588247151942852767973,2101387471588247151942852767973,176500365147,65563,65563
1773915095,24690852,0x47cf6f8afdcbaf4d0645f0115ddb9f920664115388f36e3d61f5f6def53828d7,39,0x9a772018fbd77fcd2d25657e5c547baff3fd7d16,0x2260fac5e5542a773aa44fbcfedf7c193bc2c599,0xa0b86991c6218b36c1d19d4a2e9eb0ce3606eb48,8,6,0x51c72848c68a965f66fa7a88855f9f7784502a7f,0x51c72848c68a965f66fa7a88855f9f7784502a7f,zero_for_one,1539131,0,0,1081959451,1539131,-1081959451,2100901797469685474487096806614,2100901797469685474487096806614,176500365147,65559,65559
1773915215,24690862,0x660873b1a457272898f4f29b0483311ba7e00df92feede6277082b14a22b756e,136,0x9a772018fbd77fcd2d25657e5c547baff3fd7d16,0x2260fac5e5542a773aa44fbcfedf7c193bc2c599,0xa0b86991c6218b36c1d19d4a2e9eb0ce3606eb48,8,6,0x365084b05fa7d5028346bd21d842ed0601bab5b8,0x365084b05fa7d5028346bd21d842ed0601bab5b8,zero_for_one,2824810,0,0,1984449747,2824810,-1984449747,2100011010037092043382058899673,2100011010037092043382058899673,176500365147,65550,65550
1773915251,24690865,0x72e48ad642d94f77faba55293f23642fbc029810022795c1c44a443044172760,39,0x9a772018fbd77fcd2d25657e5c547baff3fd7d16,0x2260fac5e5542a773aa44fbcfedf7c193bc2c599,0xa0b86991c6218b36c1d19d4a2e9eb0ce3606eb48,8,6,0xbdb3ba9ffe392549e1f8658dd2630c141fdf47b6,0xbdb3ba9ffe392549e1f8658dd2630c141fdf47b6,one_for_zero,0,458830592,652692,0,-652692,458830592,2100216868696200762613921556379,2100216868696200762613921556379,176500365147,65552,65552
1773915383,24690876,0x9f04e1f4cccf8a86613d6a2cca8742cc04a0921c5f95dc8cb96c52ed0cfe962e,123,0x9a772018fbd77fcd2d25657e5c547baff3fd7d16,0x2260fac5e5542a773aa44fbcfedf7c193bc2c599,0xa0b86991c6218b36c1d19d4a2e9eb0ce3606eb48,8,6,0x5050e08626c499411b5d0e0b5af0e83d3fd82edf,0x5050e08626c499411b5d0e0b5af0e83d3fd82edf,one_for_zero,0,509852075,725121,0,-725121,509852075,2100445618623289714392994099763,2100445618623289714392994099763,176500365147,65554,65554
1773915431,24690880,0x33ad797e1f65510c2744fd076ba796514eb9016028c60f95946f75a706536418,39,0x9a772018fbd77fcd2d25657e5c547baff3fd7d16,0x2260fac5e5542a773aa44fbcfedf7c193bc2c599,0xa0b86991c6218b36c1d19d4a2e9eb0ce3606eb48,8,6,0x51c72848c68a965f66fa7a88855f9f7784502a7f,0x51c72848c68a965f66fa7a88855f9f7784502a7f,one_for_zero,0,1320096534,1876732,0,-1876732,1320096534,2101037892345634512165908584760,2101037892345634512165908584760,176500365147,65560,65560
1773915659,24690899,0x85aaa6de30d3cece9c6a492bc8b4bdccaf3ba390c8e6e6905b820d97b4586cc9,75,0x9a772018fbd77fcd2d25657e5c547baff3fd7d16,0x2260fac5e5542a773aa44fbcfedf7c193bc2c599,0xa0b86991c6218b36c1d19d4a2e9eb0ce3606eb48,8,6,0x51c72848c68a965f66fa7a88855f9f7784502a7f,0x51c72848c68a965f66fa7a88855f9f7784502a7f,zero_for_one,1881205,0,0,1321918742,1881205,-1321918742,2100444504378072689433313135826,2100444504378072689433313135826,176500365147,65554,65554
1773915695,24690902,0x628207a1791e64675f574ae01b385456b1ea26e34ac0da152898973a1d05dbfc,127,0x9a772018fbd77fcd2d25657e5c547baff3fd7d16,0x2260fac5e5542a773aa44fbcfedf7c193bc2c599,0xa0b86991c6218b36c1d19d4a2e9eb0ce3606eb48,8,6,0x365084b05fa7d5028346bd21d842ed0601bab5b8,0x365084b05fa7d5028346bd21d842ed0601bab5b8,zero_for_one,2346596,0,0,1647901606,2346596,-1647901606,2099704787969052956596145807253,2099704787969052956596145807253,176500365147,65547,65547
1773915695,24690902,0x1a52bc760d5891e5cb15a207f775ff989a43cc075724cb8c745daf92e3cdeae4,184,0x9a772018fbd77fcd2d25657e5c547baff3fd7d16,0x2260fac5e5542a773aa44fbcfedf7c193bc2c599,0xa0b86991c6218b36c1d19d4a2e9eb0ce3606eb48,8,6,0xbdb3ba9ffe392549e1f8658dd2630c141fdf47b6,0xbdb3ba9ffe392549e1f8658dd2630c141fdf47b6,one_for_zero,0,1564105435,2225083,0,-2225083,1564105435,2100406538579417348804429134118,2100406538579417348804429134118,176500365147,65554,65554
1773915707,24690903,0xc069a90a9e4ae918a149d20ec93db9cd7a119383aa9704fa88ff1389ef9f8a6d,39,0x9a772018fbd77fcd2d25657e5c547baff3fd7d16,0x2260fac5e5542a773aa44fbcfedf7c193bc2c599,0xa0b86991c6218b36c1d19d4a2e9eb0ce3606eb48,8,6,0xbdb3ba9ffe392549e1f8658dd2630c141fdf47b6,0xbdb3ba9ffe392549e1f8658dd2630c141fdf47b6,one_for_zero,0,720114924,1023929,0,-1023929,720114924,2100729624910974719015274231052,2100729624910974719015274231052,176500365147,65557,65557
1773915743,24690906,0xabd6823227c828b4cad038ddb9d92e7ebcd91c685203168bb0fb90a386b6e58b,32,0x9a772018fbd77fcd2d25657e5c547baff3fd7d16,0x2260fac5e5542a773aa44fbcfedf7c193bc2c599,0xa0b86991c6218b36c1d19d4a2e9eb0ce3606eb48,8,6,0x365084b05fa7d5028346bd21d842ed0601bab5b8,0x365084b05fa7d5028346bd21d842ed0601bab5b8,zero_for_one,3202344,0,0,2249173964,3202344,-2249173964,2099720007054343019621773867643,2099720007054343019621773867643,176500365147,65547,65547
1773915743,24690906,0x3ac2f4cd428f7dafcdfee92e24154926a36ec0a1a4f2533e1903777ed8a1eabe,453,0x9a772018fbd77fcd2d25657e5c547baff3fd7d16,0x2260fac5e5542a773aa44fbcfedf7c193bc2c599,0xa0b86991c6218b36c1d19d4a2e9eb0ce3606eb48,8,6,0xbdb3ba9ffe392549e1f8658dd2630c141fdf47b6,0xbdb3ba9ffe392549e1f8658dd2630c141fdf47b6,one_for_zero,0,480676355,683954,0,-683954,480676355,2099935667020381343035533877380,2099935667020381343035533877380,176500365147,65549,65549
1773915767,24690908,0xd798df1bbdd41a2e7a53d8f6a656279fbbc5343ac099a859d21fed35545adf6e,15,0x9a772018fbd77fcd2d25657e5c547baff3fd7d16,0x2260fac5e5542a773aa44fbcfedf7c193bc2c599,0xa0b86991c6218b36c1d19d4a2e9eb0ce3606eb48,8,6,0xbdb3ba9ffe392549e1f8658dd2630c141fdf47b6,0xbdb3ba9ffe392549e1f8658dd2630c141fdf47b6,one_for_zero,0,3190147124,4535704,0,-4535704,3190147124,2101366956523902716211493852152,2101366956523902716211493852152,176500365147,65563,65563
1773915779,24690909,0x456b1bcaf9cf6fe310423754469b8b761db8c5366db84e5b9f0787255ffacbb8,190,0x9a772018fbd77fcd2d25657e5c547baff3fd7d16,0x2260fac5e5542a773aa44fbcfedf7c193bc2c599,0xa0b86991c6218b36c1d19d4a2e9eb0ce3606eb48,8,6,0x66a9893cc07d91d95644aedd05d03f95e1dba8af,0x9008d19f58aabd9ed0d60971565aa8510560ab41,one_for_zero,0,2506221529,3558977,0,-3558977,2506221529,2102491396378455487145175832860,2102491396378455487145175832860,176500365147,65574,65574
1773915779,24690909,0x15da308298e7d330a48a7e7fba40aa005555e48ce4c09e60451ab8c9608919f3,209,0x9a772018fbd77fcd2d25657e5c547baff3fd7d16,0x2260fac5e5542a773aa44fbcfedf7c193bc2c599,0xa0b86991c6218b36c1d19d4a2e9eb0ce3606eb48,8,6,0x51c72848c68a965f66fa7a88855f9f7784502a7f,0x51c72848c68a965f66fa7a88855f9f7784502a7f,zero_for_one,751533,0,0,528921182,751533,-528921182,2102253972204396264766959586089,2102253972204396264766959586089,176500365147,65571,65571
1773915779,24690909,0x1bdec51d9a9237f3c5fdf7394849f4f328b4641d1bc8d716a0d03e8c8c1242d4,267,0x9a772018fbd77fcd2d25657e5c547baff3fd7d16,0x2260fac5e5542a773aa44fbcfedf7c193bc2c599,0xa0b86991c6218b36c1d19d4a2e9eb0ce3606eb48,8,6,0x56613ad9f3d5df30c48f278bf2b9e41bbe287039,0x56613ad9f3d5df30c48f278bf2b9e41bbe287039,zero_for_one,657747,0,0,462817600,657747,-462817600,2102046220860453224027506240571,2102046220860453224027506240571,176500365147,65569,65569
1773915791,24690910,0x4a9a5db2750c54c28230c34a49055394ed0f931880ec8c70c5602a71f8a463f1,254,0x9a772018fbd77fcd2d25657e5c547baff3fd7d16,0x2260fac5e5542a773aa44fbcfedf7c193bc2c599,0xa0b86991c6218b36c1d19d4a2e9eb0ce3606eb48,8,6,0x4de4fccc14eab1d69890a49471a9d57b96dd725f,0x4de4fccc14eab1d69890a49471a9d57b96dd725f,zero_for_one,245915,0,0,173012329,245915,-173012329,2101968558420959041403081808418,2101968558420959041403081808418,176500365147,65569,65569
1773915839,24690914,0x25ba859e33d3841d8c512f3ff40f91a86f3307c6ee93107a03df98ae742883c6,172,0x9a772018fbd77fcd2d25657e5c547baff3fd7d16,0x2260fac5e5542a773aa44fbcfedf7c193bc2c599,0xa0b86991c6218b36c1d19d4a2e9eb0ce3606eb48,8,6,0x51c72848c68a965f66fa7a88855f9f7784502a7f,0x51c72848c68a965f66fa7a88855f9f7784502a7f,zero_for_one,1070206,0,0,752788985,1070206,-752788985,2101630643606895098115261717960,2101630643606895098115261717960,176500365147,65566,65566
1773915887,24690918,0x1ac2477c6f98953b32a45759685706081543a5681f70898424a4c5bcc8311579,179,0x9a772018fbd77fcd2d25657e5c547baff3fd7d16,0x2260fac5e5542a773aa44fbcfedf7c193bc2c599,0xa0b86991c6218b36c1d19d4a2e9eb0ce3606eb48,8,6,0x51c72848c68a965f66fa7a88855f9f7784502a7f,0x51c72848c68a965f66fa7a88855f9f7784502a7f,zero_for_one,721782,0,0,507569260,721782,-507569260,2101402803965804118326665727391,2101402803965804118326665727391,176500365147,65563,65563
1773916103,24690936,0xb80273a03690246eaf33d28842159b01dfd93755819c053969e608553cf9c4ab,144,0x9a772018fbd77fcd2d25657e5c547baff3fd7d16,0x2260fac5e5542a773aa44fbcfedf7c193bc2c599,0xa0b86991c6218b36c1d19d4a2e9eb0ce3606eb48,8,6,0xf48a3f7c0575c85cf4529aa220caf3c055773f1c,0xf48a3f7c0575c85cf4529aa220caf3c055773f1c,zero_for_one,508953,0,0,357837853,508953,-357837853,2101242176334511517891685166758,2101242176334511517891685166758,176500365147,65562,65562
1773916127,24690938,0xcd57a08f84928a1b99617f7ff9bb99f6018adbca81e0d90e82a77e4e7da2d356,53,0x9a772018fbd77fcd2d25657e5c547baff3fd7d16,0x2260fac5e5542a773aa44fbcfedf7c193bc2c599,0xa0b86991c6218b36c1d19d4a2e9eb0ce3606eb48,8,6,0x51c72848c68a965f66fa7a88855f9f7784502a7f,0x51c72848c68a965f66fa7a88855f9f7784502a7f,zero_for_one,726816,0,0,510919608,726816,-510919608,2101012832776258155152431074108,2101012832776258155152431074108,176500365147,65560,65560
1773916247,24690948,0xb8e63425079d7432a591e0bacf7c94d134e613b442b4b9fb5309343426c523b5,975,0x9a772018fbd77fcd2d25657e5c547baff3fd7d16,0x2260fac5e5542a773aa44fbcfedf7c193bc2c599,0xa0b86991c6218b36c1d19d4a2e9eb0ce3606eb48,8,6,0xbdb3ba9ffe392549e1f8658dd2630c141fdf47b6,0xbdb3ba9ffe392549e1f8658dd2630c141fdf47b6,zero_for_one,528495,0,0,371438433,528495,-371438433,2100846100064142794085574912082,2100846100064142794085574912082,176500365147,65558,65558
1773916259,24690949,0xab4df3dabe2e88365bc4c911304a2377208ab498211986d269f338fd05fa1441,28,0x9a772018fbd77fcd2d25657e5c547baff3fd7d16,0x2260fac5e5542a773aa44fbcfedf7c193bc2c599,0xa0b86991c6218b36c1d19d4a2e9eb0ce3606eb48,8,6,0x51c72848c68a965f66fa7a88855f9f7784502a7f,0x51c72848c68a965f66fa7a88855f9f7784502a7f,zero_for_one,1386823,0,0,974411789,1386823,-974411789,2100408702353496187599077222118,2100408702353496187599077222118,176500365147,65554,65554
1773916331,24690955,0xcec62a9fb47daf625a12e9335a30f795456e967d1d6b8c101c572f3155c7f12e,375,0x9a772018fbd77fcd2d25657e5c547baff3fd7d16,0x2260fac5e5542a773aa44fbcfedf7c193bc2c599,0xa0b86991c6218b36c1d19d4a2e9eb0ce3606eb48,8,6,0x278d858f05b94576c1e6f73285886876ff6ef8d2,0x278d858f05b94576c1e6f73285886876ff6ef8d2,zero_for_one,1133822,0,0,796346683,1133822,-796346683,2100051235192386785701928622875,2100051235192386785701928622875,176500365147,65550,65550
1773916415,24690962,0x4da9c4530413dfc672420ab45e97cfc1b7760f7bfeee4987e4b54f8dcc6f4a67,343,0x9a772018fbd77fcd2d25657e5c547baff3fd7d16,0x2260fac5e5542a773aa44fbcfedf7c193bc2c599,0xa0b86991c6218b36c1d19d4a2e9eb0ce3606eb48,8,6,0x51c72848c68a965f66fa7a88855f9f7784502a7f,0x51c72848c68a965f66fa7a88855f9f7784502a7f,zero_for_one,870888,0,0,611489033,870888,-611489033,2099776747644120694257784858275,2099776747644120694257784858275,176500365147,65548,65548
1773916487,24690968,0xc6ac3f635857ae2c9f86f47af03a734798e19d0670e6c4ac08f1bbd38e95dd39,106,0x9a772018fbd77fcd2d25657e5c547baff3fd7d16,0x2260fac5e5542a773aa44fbcfedf7c193bc2c599,0xa0b86991c6218b36c1d19d4a2e9eb0ce3606eb48,8,6,0x111111125421ca6dc452d289314280a0f8842a65,0x9008d19f58aabd9ed0d60971565aa8510560ab41,zero_for_one,999908,0,0,701883008,999908,-701883008,2099461683700526936279943328672,2099461683700526936279943328672,176500365147,65545,65545
1773916595,24690977,0xf38547fb6d6e4030b679e9e2b535d95915180cfde8331fac5580c74046f08156,507,0x9a772018fbd77fcd2d25657e5c547baff3fd7d16,0x2260fac5e5542a773aa44fbcfedf7c193bc2c599,0xa0b86991c6218b36c1d19d4a2e9eb0ce3606eb48,8,6,0xbdb3ba9ffe392549e1f8658dd2630c141fdf47b6,0xbdb3ba9ffe392549e1f8658dd2630c141fdf47b6,zero_for_one,455006,0,0,319320303,455006,-319320303,2099318345974776000294667958539,2099318345974776000294667958539,176500365147,65544,65544
1773916619,24690979,0xdad37de78c7b35c439d6b0ff95f922c08e00e1fb8ed16cce5c05034353bcf789,52,0x9a772018fbd77fcd2d25657e5c547baff3fd7d16,0x2260fac5e5542a773aa44fbcfedf7c193bc2c599,0xa0b86991c6218b36c1d19d4a2e9eb0ce3606eb48,8,6,0xbdb3ba9ffe392549e1f8658dd2630c141fdf47b6,0xbdb3ba9ffe392549e1f8658dd2630c141fdf47b6,zero_for_one,927324,0,0,650655565,927324,-650655565,2099026277202865308576733741314,2099026277202865308576733741314,176500365147,65541,65541
1773916631,24690980,0x8643b70e4c4f6a13f548ccb8485642cfc587490403d76eb313973a15319162f5,82,0x9a772018fbd77fcd2d25657e5c547baff3fd7d16,0x2260fac5e5542a773aa44fbcfedf7c193bc2c599,0xa0b86991c6218b36c1d19d4a2e9eb0ce3606eb48,8,6,0x51c72848c68a965f66fa7a88855f9f7784502a7f,0x51c72848c68a965f66fa7a88855f9f7784502a7f,zero_for_one,755773,0,0,530153274,755773,-530153274,2098788299962595849934672076613,2098788299962595849934672076613,176500365147,65538,65538
1773916763,24690991,0x277e5b979e343f0f686eec4a632b23e856d4cea3c1c98402f36ebe64f3186d96,28,0x9a772018fbd77fcd2d25657e5c547baff3fd7d16,0x2260fac5e5542a773aa44fbcfedf7c193bc2c599,0xa0b86991c6218b36c1d19d4a2e9eb0ce3606eb48,8,6,0x51c72848c68a965f66fa7a88855f9f7784502a7f,0x51c72848c68a965f66fa7a88855f9f7784502a7f,zero_for_one,1179675,0,0,827268270,1179675,-827268270,2098416952600569203090302281658,2098416952600569203090302281658,176500365147,65535,65535
1773916847,24690998,0xb458fb47702ba4a942fdbd447e41e4e1d0349e9107aa290f37a6bb0a6353fbe8,62,0x9a772018fbd77fcd2d25657e5c547baff3fd7d16,0x2260fac5e5542a773aa44fbcfedf7c193bc2c599,0xa0b86991c6218b36c1d19d4a2e9eb0ce3606eb48,8,6,0x51c72848c68a965f66fa7a88855f9f7784502a7f,0x51c72848c68a965f66fa7a88855f9f7784502a7f,zero_for_one,1654371,0,0,1159663929,1654371,-1159663929,2097896398197023890559436159461,2097896398197023890559436159461,176500365147,65530,65530
1773916979,24691009,0x7908eb8d18bcaaff6b1a5dc9a5d2a767022a0c4bbdb39bab4197064fb5f29f56,251,0x9a772018fbd77fcd2d25657e5c547baff3fd7d16,0x2260fac5e5542a773aa44fbcfedf7c193bc2c599,0xa0b86991c6218b36c1d19d4a2e9eb0ce3606eb48,8,6,0xe592427a0aece92de3edee1f18e0157c05861564,0xfdaf1f1714810f8d88a57c9d551d442c68ace2bb,zero_for_one,47128,0,0,33026581,47128,-33026581,2097881573098029797745532686445,2097881573098029797745532686445,176500365147,65530,65530
1773917267,24691033,0xc13f9346aa96747e9239ce811eea234420170cfde1d4f5804491b4ce209e40a0,199,0x9a772018fbd77fcd2d25657e5c547baff3fd7d16,0x2260fac5e5542a773aa44fbcfedf7c193bc2c599,0xa0b86991c6218b36c1d19d4a2e9eb0ce3606eb48,8,6,0xe592427a0aece92de3edee1f18e0157c05861564,0xfdaf1f1714810f8d88a57c9d551d442c68ace2bb,zero_for_one,38047,0,0,26661977,38047,-26661977,2097869604967096583097118861925,2097869604967096583097118861925,176500365147,65530,65530
1773917267,24691033,0x5e188cf4f9597ab1681b2984c809f0449d7565fa69dfd8fb9d3f25fec533070e,378,0x9a772018fbd77fcd2d25657e5c547baff3fd7d16,0x2260fac5e5542a773aa44fbcfedf7c193bc2c599,0xa0b86991c6218b36c1d19d4a2e9eb0ce3606eb48,8,6,0x2c0552e5dcb79b064fd23e358a86810bc5994244,0x2c0552e5dcb79b064fd23e358a86810bc5994244,zero_for_one,35185,0,0,24656466,35185,-24656466,2097858537077466236691240552234,2097858537077466236691240552234,176500365147,65530,65530
1773917351,24691040,0xb18065772e619898b14bf9e7c33fb2108babfdc7fa9d736224b067c234e77a9b,170,0x9a772018fbd77fcd2d25657e5c547baff3fd7d16,0x2260fac5e5542a773aa44fbcfedf7c193bc2c599,0xa0b86991c6218b36c1d19d4a2e9eb0ce3606eb48,8,6,0xe592427a0aece92de3edee1f18e0157c05861564,0xfdaf1f1714810f8d88a57c9d551d442c68ace2bb,zero_for_one,21987,0,0,15407793,21987,-15407793,2097851620767931150425660118529,2097851620767931150425660118529,176500365147,65530,65530
1773917387,24691043,0x16add4e60a6c8708e650032dd35736fd0c789d5191e0f5851be94b9e37b0ed30,261,0x9a772018fbd77fcd2d25657e5c547baff3fd7d16,0x2260fac5e5542a773aa44fbcfedf7c193bc2c599,0xa0b86991c6218b36c1d19d4a2e9eb0ce3606eb48,8,6,0x6747bcaf9bd5a5f0758cbe08903490e45ddfacb5,0x5e1f62dac767b0491e3ce72469c217365d5b48cc,one_for_zero,0,421953711,601475,0,-601475,421953711,2098040934267881890307941050036,2098040934267881890307941050036,176500365147,65531,65531
1773917471,24691050,0x3f1ce25780bf7e7d1f5a969b6a1783f246901dcd3e1df1a83999ebcd3496ffbc,322,0x9a772018fbd77fcd2d25657e5c547baff3fd7d16,0x2260fac5e5542a773aa44fbcfedf7c193bc2c599,0xa0b86991c6218b36c1d19d4a2e9eb0ce3606eb48,8,6,0xe592427a0aece92de3edee1f18e0157c05861564,0xfdaf1f1714810f8d88a57c9d551d442c68ace2bb,one_for_zero,0,74450512,106114,0,-106114,74450512,2098074337189805129399884190160,2098074337189805129399884190160,176500365147,65532,65532
1773917483,24691051,0xaab64991371a91536261c7195d9278e7c5727193f51fdd10a69ac1befbf1f4bb,353,0x9a772018fbd77fcd2d25657e5c547baff3fd7d16,0x2260fac5e5542a773aa44fbcfedf7c193bc2c599,0xa0b86991c6218b36c1d19d4a2e9eb0ce3606eb48,8,6,0x51c72848c68a965f66fa7a88855f9f7784502a7f,0x51c72848c68a965f66fa7a88855f9f7784502a7f,zero_for_one,870878,0,0,610331380,870878,-610331380,2097800369293206584817655374222,2097800369293206584817655374222,176500365147,65529,65529
1773917519,24691054,0xbfa7b4bc48ec40b85ec576864b9da21aa2ebca21db10dc467119ba6634938b6b,383,0x9a772018fbd77fcd2d25657e5c547baff3fd7d16,0x2260fac5e5542a773aa44fbcfedf7c193bc2c599,0xa0b86991c6218b36c1d19d4a2e9eb0ce3606eb48,8,6,0xdd49677ad0e4ed52e0c717ac91dabcb5df2515ef,0x9008d19f58aabd9ed0d60971565aa8510560ab41,zero_for_one,373098,0,0,261426763,373098,-261426763,2097683019042336796649156815923,2097683019042336796649156815923,176500365147,65528,65528
1773917555,24691057,0x7751bc8d24fd50e43519723c03e652320bf3c9a7e5635ca598d952da42b31664,65,0x9a772018fbd77fcd2d25657e5c547baff3fd7d16,0x2260fac5e5542a773aa44fbcfedf7c193bc2c599,0xa0b86991c6218b36c1d19d4a2e9eb0ce3606eb48,8,6,0x51c72848c68a965f66fa7a88855f9f7784502a7f,0x51c72848c68a965f66fa7a88855f9f7784502a7f,zero_for_one,1620607,0,0,1135207800,1620607,-1135207800,2097173442600237681204095111933,2097173442600237681204095111933,176500365147,65523,65523
1773917699,24691069,0x353d2d44a75510656892f88ca5c7ab43587d5be6b24386c6cacf66ebb5d7a558,429,0x9a772018fbd77fcd2d25657e5c547baff3fd7d16,0x2260fac5e5542a773aa44fbcfedf7c193bc2c599,0xa0b86991c6218b36c1d19d4a2e9eb0ce3606eb48,8,6,0x365084b05fa7d5028346bd21d842ed0601bab5b8,0x365084b05fa7d5028346bd21d842ed0601bab5b8,zero_for_one,1894216,0,0,1326167349,1894216,-1326167349,2096578147501530659275074629156,2096578147501530659275074629156,176500365147,65517,65517
1773917843,24691081,0xf72e19c7ff1334604bfa878ad6142cfa511d355e7641f12107aa36a8246b4e22,158,0x9a772018fbd77fcd2d25657e5c547baff3fd7d16,0x2260fac5e5542a773aa44fbcfedf7c193bc2c599,0xa0b86991c6218b36c1d19d4a2e9eb0ce3606eb48,8,6,0xe592427a0aece92de3edee1f18e0157c05861564,0x6a000f20005980200259b80c5102003040001068,one_for_zero,0,1206289992,1721311,0,-1721311,1206289992,2097119360849026391647275847631,2097119360849026391647275847631,176500365147,65523,65523
1773917843,24691081,0x6c1552caea786510ae83517e5cb2fb0d173f2543227b5385a1ed36adbc095156,358,0x9a772018fbd77fcd2d25657e5c547baff3fd7d16,0x2260fac5e5542a773aa44fbcfedf7c193bc2c599,0xa0b86991c6218b36c1d19d4a2e9eb0ce3606eb48,8,6,0x51c72848c68a965f66fa7a88855f9f7784502a7f,0x51c72848c68a965f66fa7a88855f9f7784502a7f,zero_for_one,1509297,0,0,1056686837,1509297,-1056686837,2096645031198871182040667643977,2096645031198871182040667643977,176500365147,65518,65518
1773917903,24691086,0x07273f51c5f7c93675cd520213e2ea82b1f627508d7246197f835b73bd919cd7,261,0x9a772018fbd77fcd2d25657e5c547baff3fd7d16,0x2260fac5e5542a773aa44fbcfedf7c193bc2c599,0xa0b86991c6218b36c1d19d4a2e9eb0ce3606eb48,8,6,0x365084b05fa7d5028346bd21d842ed0601bab5b8,0x365084b05fa7d5028346bd21d842ed0601bab5b8,zero_for_one,1692234,0,0,1184195803,1692234,-1184195803,2096113464833521390744477802459,2096113464833521390744477802459,176500365147,65513,65513
1773918095,24691102,0x988201d0957a07a1bd6318ef788fb80217538c0f40620dc748dc0ccc2bdfdb6e,50,0x9a772018fbd77fcd2d25657e5c547baff3fd7d16,0x2260fac5e5542a773aa44fbcfedf7c193bc2c599,0xa0b86991c6218b36c1d19d4a2e9eb0ce3606eb48,8,6,0x51c72848c68a965f66fa7a88855f9f7784502a7f,0x51c72848c68a965f66fa7a88855f9f7784502a7f,one_for_zero,0,856469297,1222769,0,-1222769,856469297,2096497727836731229841583678360,2096497727836731229841583678360,176500365147,65517,65517
1773918131,24691105,0x85a3eda9be638e7c844dc2559d51db89fe313382490123e204c3b7a3ac7ead9c,46,0x9a772018fbd77fcd2d25657e5c547baff3fd7d16,0x2260fac5e5542a773aa44fbcfedf7c193bc2c599,0xa0b86991c6218b36c1d19d4a2e9eb0ce3606eb48,8,6,0xbdb3ba9ffe392549e1f8658dd2630c141fdf47b6,0xbdb3ba9ffe392549e1f8658dd2630c141fdf47b6,one_for_zero,0,1245542560,1777444,0,-1777444,1245542560,2097056552217625514803212257855,2097056552217625514803212257855,176500365147,65522,65522
1773918143,24691106,0x106e1624bf4527f785d57e63cfdedc06083768881092fb1b2dde6bed5a4b433e,242,0x9a772018fbd77fcd2d25657e5c547baff3fd7d16,0x2260fac5e5542a773aa44fbcfedf7c193bc2c599,0xa0b86991c6218b36c1d19d4a2e9eb0ce3606eb48,8,6,0xbdb3ba9ffe392549e1f8658dd2630c141fdf47b6,0xbdb3ba9ffe392549e1f8658dd2630c141fdf47b6,one_for_zero,0,575140216,820430,0,-820430,575140216,2097314594283101597649102335739,2097314594283101597649102335739,176500365147,65524,65524
1773918155,24691107,0x27a1bbd8ee51596433c9d26c13dbdb5deffd43a9d433027f1b9d46855d40d884,218,0x9a772018fbd77fcd2d25657e5c547baff3fd7d16,0x2260fac5e5542a773aa44fbcfedf7c193bc2c599,0xa0b86991c6218b36c1d19d4a2e9eb0ce3606eb48,8,6,0xbdb3ba9ffe392549e1f8658dd2630c141fdf47b6,0xbdb3ba9ffe392549e1f8658dd2630c141fdf47b6,one_for_zero,0,446634416,636979,0,-636979,446634416,2097514981013129370307211535976,2097514981013129370307211535976,176500365147,65526,65526
1773918203,24691111,0x32d7dfe657e5721b8e1e508998e2df3ec36907eaa40edb07d32d31d2dcb20b33,548,0x9a772018fbd77fcd2d25657e5c547baff3fd7d16,0x2260fac5e5542a773aa44fbcfedf7c193bc2c599,0xa0b86991c6218b36c1d19d4a2e9eb0ce3606eb48,8,6,0xa5f91e598668040055dc861a7316e677a5b730b0,0x3d90f66b534dd8482b181e24655a9e8265316be9,zero_for_one,12461,0,0,8728890,12461,-8728890,2097511062755382875429035094153,2097511062755382875429035094153,176500365147,65526,65526
1773918227,24691113,0x11f4afd4fbb00e977be13cb890d6da19a0f338bf3457162dfe9ea356f366bc7b,90,0x9a772018fbd77fcd2d25657e5c547baff3fd7d16,0x2260fac5e5542a773aa44fbcfedf7c193bc2c599,0xa0b86991c6218b36c1d19d4a2e9eb0ce3606eb48,8,6,0x3611b82c7b13e72b26eb0e9be0613bee7a45ac7c,0x3611b82c7b13e72b26eb0e9be0613bee7a45ac7c,zero_for_one,138354,0,0,96919748,138354,-96919748,2097467557046084217724320149510,2097467557046084217724320149510,176500365147,65526,65526
1773918287,24691118,0xe28d2c95d3d5cf0287426368aac50dddd57fb724f67539234fa9b05d67779210,136,0x9a772018fbd77fcd2d25657e5c547baff3fd7d16,0x2260fac5e5542a773aa44fbcfedf7c193bc2c599,0xa0b86991c6218b36c1d19d4a2e9eb0ce3606eb48,8,6,0xa5f91e598668040055dc861a7316e677a5b730b0,0xbd7695989d5f0c15f3567f97e7269045c9c147f9,one_for_zero,0,49750000,70947,0,-70947,49750000,2097489877851376948705878458003,2097489877851376948705878458003,176500365147,65526,65526
1773918323,24691121,0xa50db594a0e18f2cc290726583a0860db3d31f2d70017cdc841189faffd9001a,47,0x9a772018fbd77fcd2d25657e5c547baff3fd7d16,0x2260fac5e5542a773aa44fbcfedf7c193bc2c599,0xa0b86991c6218b36c1d19d4a2e9eb0ce3606eb48,8,6,0x51c72848c68a965f66fa7a88855f9f7784502a7f,0x51c72848c68a965f66fa7a88855f9f7784502a7f,zero_for_one,1829924,0,0,1281555131,1829924,-1281555131,2096914608456571606627512113016,2096914608456571606627512113016,176500365147,65521,65521
1773918347,24691123,0x57d32c16038f084e9afc834bbefee08e2d04058bf97faf3102d3bdf4a1fda365,156,0x9a772018fbd77fcd2d25657e5c547baff3fd7d16,0x2260fac5e5542a773aa44fbcfedf7c193bc2c599,0xa0b86991c6218b36c1d19d4a2e9eb0ce3606eb48,8,6,0x51c72848c68a965f66fa7a88855f9f7784502a7f,0x51c72848c68a965f66fa7a88855f9f7784502a7f,zero_for_one,1264090,0,0,884872127,1264090,-884872127,2096517403653733363924540013201,2096517403653733363924540013201,176500365147,65517,65517
1773918695,24691152,0xfedfc6cd0f0de5a80b286898e4f4ac51e7ff0bf1a6c441ce38aadf53313efccf,270,0x9a772018fbd77fcd2d25657e5c547baff3fd7d16,0x2260fac5e5542a773aa44fbcfedf7c193bc2c599,0xa0b86991c6218b36c1d19d4a2e9eb0ce3606eb48,8,6,0x22369ee0693206850a7c99ec41d5fac49f20568d,0x22369ee0693206850a7c99ec41d5fac49f20568d,zero_for_one,1247915,0,0,873221378,1247915,-873221378,2096125428684060878141116352270,2096125428684060878141116352270,176500365147,65513,65513
1773918803,24691161,0xa469de3217eb3b5e093c7bea044561d7ce1d0b4f3d289fb4c97bfb90078edf67,62,0x9a772018fbd77fcd2d25657e5c547baff3fd7d16,0x2260fac5e5542a773aa44fbcfedf7c193bc2c599,0xa0b86991c6218b36c1d19d4a2e9eb0ce3606eb48,8,6,0xbdb3ba9ffe392549e1f8658dd2630c141fdf47b6,0xbdb3ba9ffe392549e1f8658dd2630c141fdf47b6,one_for_zero,0,824312620,1176854,0,-1176854,824312620,2096495264291617699893506815422,2096495264291617699893506815422,176500365147,65517,65517
1773918959,24691174,0x4d6ac98e277088b1b6174224b8ea00d0bdfd165952221e0910d3f802a878ceb6,378,0x9a772018fbd77fcd2d25657e5c547baff3fd7d16,0x2260fac5e5542a773aa44fbcfedf7c193bc2c599,0xa0b86991c6218b36c1d19d4a2e9eb0ce3606eb48,8,6,0xf48a3f7c0575c85cf4529aa220caf3c055773f1c,0xf48a3f7c0575c85cf4529aa220caf3c055773f1c,zero_for_one,1036850,0,0,725537095,1036850,-725537095,2096169582410443522313062135601,2096169582410443522313062135601,176500365147,65513,65513
1773919019,24691179,0x8ef343b7f98e25ba5b92574e9c045a8976d65ea35024acdaec766ca60c42f730,43,0x9a772018fbd77fcd2d25657e5c547baff3fd7d16,0x2260fac5e5542a773aa44fbcfedf7c193bc2c599,0xa0b86991c6218b36c1d19d4a2e9eb0ce3606eb48,8,6,0x66a9893cc07d91d95644aedd05d03f95e1dba8af,0xcd5adcb3a1f63180f8d4f75d8f12de8883f7c641,zero_for_one,218691,0,0,153000000,218691,-153000000,2096100903182190444212636622352,2096100903182190444212636622352,176500365147,65513,65513
1773919019,24691179,0x3e65f0b255a0383e0ec344a6d2ef80ae6246b2292dd47a4a9f7f5c45ca457e2e,58,0x9a772018fbd77fcd2d25657e5c547baff3fd7d16,0x2260fac5e5542a773aa44fbcfedf7c193bc2c599,0xa0b86991c6218b36c1d19d4a2e9eb0ce3606eb48,8,6,0x51c72848c68a965f66fa7a88855f9f7784502a7f,0x51c72848c68a965f66fa7a88855f9f7784502a7f,one_for_zero,0,1155525577,1649642,0,-1649642,1155525577,2096619340597472140884909295528,2096619340597472140884909295528,176500365147,65518,65518
1773919043,24691181,0x0ad5da71f9bc7c6c9f4d2834c1537202a834f9da78e15441422779d71cda4d19,206,0x9a772018fbd77fcd2d25657e5c547baff3fd7d16,0x2260fac5e5542a773aa44fbcfedf7c193bc2c599,0xa0b86991c6218b36c1d19d4a2e9eb0ce3606eb48,8,6,0xbdb3ba9ffe392549e1f8658dd2630c141fdf47b6,0xbdb3ba9ffe392549e1f8658dd2630c141fdf47b6,one_for_zero,0,421485029,601514,0,-601514,421485029,2096808443818683555944118409187,2096808443818683555944118409187,176500365147,65520,65520
1773919127,24691188,0xa544dc94f51bbd4df62b528e2c1d3299d687c07ca4168ed888b5f400226121d8,670,0x9a772018fbd77fcd2d25657e5c547baff3fd7d16,0x2260fac5e5542a773aa44fbcfedf7c193bc2c599,0xa0b86991c6218b36c1d19d4a2e9eb0ce3606eb48,8,6,0xe592427a0aece92de3edee1f18e0157c05861564,0xfdaf1f1714810f8d88a57c9d551d442c68ace2bb,zero_for_one,39247,0,0,27475201,39247,-27475201,2096796110644569400665672119664,2096796110644569400665672119664,176500365147,65519,65519
1773919271,24691200,0xe9ac7d4c39185498336a0b62a8dea3fc79062045757279f8b77e3ee3339a815a,78,0x9a772018fbd77fcd2d25657e5c547baff3fd7d16,0x2260fac5e5542a773aa44fbcfedf7c193bc2c599,0xa0b86991c6218b36c1d19d4a2e9eb0ce3606eb48,8,6,0x51c72848c68a965f66fa7a88855f9f7784502a7f,0x51c72848c68a965f66fa7a88855f9f7784502a7f,one_for_zero,0,506297494,722417,0,-722417,506297494,2097023265775787926166088283540,2097023265775787926166088283540,176500365147,65522,65522
1773919295,24691202,0x5711b9797e39fd0d2df43229e3bb4f9d7a4d351033755ec3e46ae88cfc75115b,254,0x9a772018fbd77fcd2d25657e5c547baff3fd7d16,0x2260fac5e5542a773aa44fbcfedf7c193bc2c599,0xa0b86991c6218b36c1d19d4a2e9eb0ce3606eb48,8,6,0xbdb3ba9ffe392549e1f8658dd2630c141fdf47b6,0xbdb3ba9ffe392549e1f8658dd2630c141fdf47b6,one_for_zero,0,450206398,642251,0,-642251,450206398,2097225255109122837558980665252,2097225255109122837558980665252,176500365147,65524,65524
1773919307,24691203,0xfc6001261c734edaf5bea4779a0fdecda17adabc1039e354c4d296cd3976bff5,101,0x9a772018fbd77fcd2d25657e5c547baff3fd7d16,0x2260fac5e5542a773aa44fbcfedf7c193bc2c599,0xa0b86991c6218b36c1d19d4a2e9eb0ce3606eb48,8,6,0xbdb3ba9ffe392549e1f8658dd2630c141fdf47b6,0xbdb3ba9ffe392549e1f8658dd2630c141fdf47b6,one_for_zero,0,405309790,578097,0,-578097,405309790,2097407101157434050135416102852,2097407101157434050135416102852,176500365147,65525,65525
1773920087,24691267,0xbb117e51dfb6683d2539ce9ab1e3870140f8b00cdcaf69bfb4e4edfc9c120496,132,0x9a772018fbd77fcd2d25657e5c547baff3fd7d16,0x2260fac5e5542a773aa44fbcfedf7c193bc2c599,0xa0b86991c6218b36c1d19d4a2e9eb0ce3606eb48,8,6,0x51c72848c68a965f66fa7a88855f9f7784502a7f,0x51c72848c68a965f66fa7a88855f9f7784502a7f,zero_for_one,1421570,0,0,995553811,1421570,-995553811,2096960213134717429018631351700,2096960213134717429018631351700,176500365147,65521,65521
1773920135,24691271,0x05570cd282b04678146a5383669f5fc744ed3fb0512a77d36ba95ac4306f4825,190,0x9a772018fbd77fcd2d25657e5c547baff3fd7d16,0x2260fac5e5542a773aa44fbcfedf7c193bc2c599,0xa0b86991c6218b36c1d19d4a2e9eb0ce3606eb48,8,6,0x51c72848c68a965f66fa7a88855f9f7784502a7f,0x51c72848c68a965f66fa7a88855f9f7784502a7f,zero_for_one,1200139,0,0,840150539,1200139,-840150539,2096583083130297333096293038447,2096583083130297333096293038447,176500365147,65517,65517
1773920147,24691272,0xf136fdfc480f7f39fc3234c281487c8b40c42da8ba3d91e1e96cd7051e0b4e63,421,0x9a772018fbd77fcd2d25657e5c547baff3fd7d16,0x2260fac5e5542a773aa44fbcfedf7c193bc2c599,0xa0b86991c6218b36c1d19d4a2e9eb0ce3606eb48,8,6,0x51c72848c68a965f66fa7a88855f9f7784502a7f,0x51c72848c68a965f66fa7a88855f9f7784502a7f,zero_for_one,714441,0,0,499996756,714441,-499996756,2096358642663837874583724555556,2096358642663837874583724555556,176500365147,65515,65515
1773920159,24691273,0x8b77d4f7d9702dc1af3fd1d1eac70f5004f0910eacb9787b9280ff5378ec1fae,82,0x9a772018fbd77fcd2d25657e5c547baff3fd7d16,0x2260fac5e5542a773aa44fbcfedf7c193bc2c599,0xa0b86991c6218b36c1d19d4a2e9eb0ce3606eb48,8,6,0x51c72848c68a965f66fa7a88855f9f7784502a7f,0x51c72848c68a965f66fa7a88855f9f7784502a7f,zero_for_one,1357831,0,0,949974919,1357831,-949974919,2095932214269448182729204169113,2095932214269448182729204169113,176500365147,65511,65511
1773920243,24691280,0xcc19be76c8d86d0b21b9a5d25d14fc060163022927cefe03d2b751707484e689,210,0x9a772018fbd77fcd2d25657e5c547baff3fd7d16,0x2260fac5e5542a773aa44fbcfedf7c193bc2c599,0xa0b86991c6218b36c1d19d4a2e9eb0ce3606eb48,8,6,0x51c72848c68a965f66fa7a88855f9f7784502a7f,0x51c72848c68a965f66fa7a88855f9f7784502a7f,zero_for_one,917459,0,0,641659326,917459,-641659326,2095644372776636789658919265537,2095644372776636789658919265537,176808287133,65508,65508
1773920399,24691293,0x6d3eb836bb45798cb7abfdbbc88b25b456ee7a634122ad278da51b8e7b858e9b,257,0x9a772018fbd77fcd2d25657e5c547baff3fd7d16,0x2260fac5e5542a773aa44fbcfedf7c193bc2c599,0xa0b86991c6218b36c1d19d4a2e9eb0ce3606eb48,8,6,0x51c72848c68a965f66fa7a88855f9f7784502a7f,0x51c72848c68a965f66fa7a88855f9f7784502a7f,zero_for_one,961126,0,0,672011214,961126,-672011214,2095343243148698586152594914310,2095343243148698586152594914310,176808287133,65506,65506
1773920483,24691300,0xb1b8ed5a7646f5ab3410120016968c78c077b53e983ceb4941611a2400548a25,1283,0x9a772018fbd77fcd2d25657e5c547baff3fd7d16,0x2260fac5e5542a773aa44fbcfedf7c193bc2c599,0xa0b86991c6218b36c1d19d4a2e9eb0ce3606eb48,8,6,0xe592427a0aece92de3edee1f18e0157c05861564,0xfdaf1f1714810f8d88a57c9d551d442c68ace2bb,zero_for_one,7441,0,0,5201738,7441,-5201738,2095340912238996019777767850092,2095340912238996019777767850092,176808287133,65506,65506
1773920507,24691302,0x990f1e6cf321913f4d78972dd2fe0d1a3583b0a02f7ac0b8019475414ab445a0,84,0x9a772018fbd77fcd2d25657e5c547baff3fd7d16,0x2260fac5e5542a773aa44fbcfedf7c193bc2c599,0xa0b86991c6218b36c1d19d4a2e9eb0ce3606eb48,8,6,0x090c508daa22b9cb91988d75da78f69088f2b2b1,0x090c508daa22b9cb91988d75da78f69088f2b2b1,zero_for_one,1252114,0,0,875175738,1252114,-875175738,2094948744163725291596135640627,2094948744163725291596135640627,176808287133,65502,65502
1773920627,24691312,0x3cf5c2b20c816051bab3c3a44cb1ff879da1fa8f9971388d4562bc3954619fff,104,0x9a772018fbd77fcd2d25657e5c547baff3fd7d16,0x2260fac5e5542a773aa44fbcfedf7c193bc2c599,0xa0b86991c6218b36c1d19d4a2e9eb0ce3606eb48,8,6,0x365084b05fa7d5028346bd21d842ed0601bab5b8,0x365084b05fa7d5028346bd21d842ed0601bab5b8,zero_for_one,1213753,0,0,848050535,1213753,-848050535,2094568575197577299646038506557,2094568575197577299646038506557,176606657645,65498,65498
1773920735,24691321,0x17f6863ca8f93919341e5ac239ef699cb7df2490f2d044596cc19fd5c29f4e38,188,0x9a772018fbd77fcd2d25657e5c547baff3fd7d16,0x2260fac5e5542a773aa44fbcfedf7c193bc2c599,0xa0b86991c6218b36c1d19d4a2e9eb0ce3606eb48,8,6,0x6747bcaf9bd5a5f0758cbe08903490e45ddfacb5,0x5e1f62dac767b0491e3ce72469c217365d5b48cc,one_for_zero,0,175345059,250743,0,-250743,175345059,2094647198058374225383133733623,2094647198058374225383133733623,176606657645,65499,65499
1773920759,24691323,0x55c317a1081b9c267a16d54b88863e5d8048ca3cdd7df669a3257f0751ff363f,120,0x9a772018fbd77fcd2d25657e5c547baff3fd7d16,0x2260fac5e5542a773aa44fbcfedf7c193bc2c599,0xa0b86991c6218b36c1d19d4a2e9eb0ce3606eb48,8,6,0x365084b05fa7d5028346bd21d842ed0601bab5b8,0x365084b05fa7d5028346bd21d842ed0601bab5b8,zero_for_one,1692789,0,0,1182328307,1692789,-1182328307,2094116789405938698409630899770,2094116789405938698409630899770,176606657645,65494,65494
1773920759,24691323,0x818c0ee6640f7742e3caeaef85663f6eb1519b9938d6943866f9a3f1aa320a28,344,0x9a772018fbd77fcd2d25657e5c547baff3fd7d16,0x2260fac5e5542a773aa44fbcfedf7c193bc2c599,0xa0b86991c6218b36c1d19d4a2e9eb0ce3606eb48,8,6,0x5050e08626c499411b5d0e0b5af0e83d3fd82edf,0x5050e08626c499411b5d0e0b5af0e83d3fd82edf,one_for_zero,0,214310532,306594,0,-306594,214310532,2094212883970612164116274989914,2094212883970612164116274989914,176606657645,65495,65495
1773920771,24691324,0x873e7a9fa262f319ec4e1ffc1a2855f01ef0e8565ea231d9a5a7f6bf93b2c2e1,195,0x9a772018fbd77fcd2d25657e5c547baff3fd7d16,0x2260fac5e5542a773aa44fbcfedf7c193bc2c599,0xa0b86991c6218b36c1d19d4a2e9eb0ce3606eb48,8,6,0x5050e08626c499411b5d0e0b5af0e83d3fd82edf,0x5050e08626c499411b5d0e0b5af0e83d3fd82edf,one_for_zero,0,290687673,415814,0,-415814,290687673,2094343225233881842232412639978,2094343225233881842232412639978,176606657645,65496,65496
1773920783,24691325,0x030715ac308f6de8c293b73d094e5503a44ee36975a6cddd1a6150f0d68144a8,163,0x9a772018fbd77fcd2d25657e5c547baff3fd7d16,0x2260fac5e5542a773aa44fbcfedf7c193bc2c599,0xa0b86991c6218b36c1d19d4a2e9eb0ce3606eb48,8,6,0x5050e08626c499411b5d0e0b5af0e83d3fd82edf,0x5050e08626c499411b5d0e0b5af0e83d3fd82edf,one_for_zero,0,500284848,715512,0,-715512,500284848,2094567547642780756346396511806,2094567547642780756346396511806,176606657645,65498,65498
