timestamp,block_number,tx_hash,log_index,pool,token0,token1,token0_decimals,token1_decimals,sender,recipient,direction,token0_in,token1_in,token0_out,token1_out,amount0,amount1,sqrt_price_x96,sqrtPriceX96,liquidity,tick,pre_swap_tick
1773907055,24690183,0x9b89ffb6af134e8808c83356a62164f258cb8a2b49cbd63e0d74570038351fe2,38,0x1d42064fc4beb5f8aaf85f4617ae8b3b5b8bd801,0x1f9840a85d5af5bf1d1762f925bdaddc4201f984,0xc02aaa39b223fe8d0a0e5c4f27ead9083c756cc2,18,18,0x51c72848c68a965f66fa7a88855f9f7784502a7f,0x51c72848c68a965f66fa7a88855f9f7784502a7f,zero_for_one,1298292975506565627904,0,0,2156337836029923337,1298292975506565627904,-2156337836029923337,3233151918029649695317355014,3233151918029649695317355014,147190762841993450706684,-63981,-63981
1773907235,24690198,0xef2899c21b241479b87b86c749141ae5cc17fccbf35311e7d8a68cc6e1798de5,60,0x1d42064fc4beb5f8aaf85f4617ae8b3b5b8bd801,0x1f9840a85d5af5bf1d1762f925bdaddc4201f984,0xc02aaa39b223fe8d0a0e5c4f27ead9083c756cc2,18,18,0x51c72848c68a965f66fa7a88855f9f7784502a7f,0x51c72848c68a965f66fa7a88855f9f7784502a7f,zero_for_one,189225874996683079680,0,0,314156479099902367,189225874996683079680,-314156479099902367,3232982817468578786617081284,3232982817468578786617081284,147190762841993450706684,-63982,-63982
1773907247,24690199,0x7b52d8b452a759b2412a90319238a66386e5482732a0373456cadfcfc6699c1c,219,0x1d42064fc4beb5f8aaf85f4617ae8b3b5b8bd801,0x1f9840a85d5af5bf1d1762f925bdaddc4201f984,0xc02aaa39b223fe8d0a0e5c4f27ead9083c756cc2,18,18,0x51c72848c68a965f66fa7a88855f9f7784502a7f,0x51c72848c68a965f66fa7a88855f9f7784502a7f,zero_for_one,480035934140688891904,0,0,796817590749612271,480035934140688891904,-796817590749612271,3232553915597597221302208991,3232553915597597221302208991,147190762841993450706684,-63985,-63985
1773907343,24690207,0x512b08a4420f8fbbf0e33fcc2dd8a74c54decaf107fa28c0ddb5953b8d0a6c73,357,0x1d42064fc4beb5f8aaf85f4617ae8b3b5b8bd801,0x1f9840a85d5af5bf1d1762f925bdaddc4201f984,0xc02aaa39b223fe8d0a0e5c4f27ead9083c756cc2,18,18,0x51c72848c68a965f66fa7a88855f9f7784502a7f,0x51c72848c68a965f66fa7a88855f9f7784502a7f,zero_for_one,220100120147191562240,0,0,365276227207871569,220100120147191562240,-365276227207871569,3232357298882437661173313843,3232357298882437661173313843,147190762841993450706684,-63986,-63986
1773908087,24690269,0x7ee0e76358ea96bccf2482d1a879b2e12eaf3ea0847df1cf703f394a390738b2,918,0x1d42064fc4beb5f8aaf85f4617ae8b3b5b8bd801,0x1f9840a85d5af5bf1d1762f925bdaddc4201f984,0xc02aaa39b223fe8d0a0e5c4f27ead9083c756cc2,18,18,0x91e57609791e2e3b656b605e5bb114ceb46ce552,0x91e57609791e2e3b656b605e5bb114ceb46ce552,one_for_zero,0,2004057224871481263,1200000000000000000000,0,-1200000000000000000000,2004057224871481263,3233432783750706446156670309,3233432783750706446156670309,147190762841993450706684,-63979,-63979
1773908087,24690269,0xc9623405f1a94ba9eb9d75a69460d321ee078fde20c87bce0de43ea5649d2a72,1145,0x1d42064fc4beb5f8aaf85f4617ae8b3b5b8bd801,0x1f9840a85d5af5bf1d1762f925bdaddc4201f984,0xc02aaa39b223fe8d0a0e5c4f27ead9083c756cc2,18,18,0x51c72848c68a965f66fa7a88855f9f7784502a7f,0x51c72848c68a965f66fa7a88855f9f7784502a7f,zero_for_one,797628886623650971648,0,0,1324246366121156260,797628886623650971648,-1324246366121156260,3232719983543151315395714257,3232719983543151315395714257,147190762841993450706684,-63984,-63984
1773908123,24690272,0x4ba1d02371571ac07051898be60fb78482e6b62619b104247583e33faedf5a54,227,0x1d42064fc4beb5f8aaf85f4617ae8b3b5b8bd801,0x1f9840a85d5af5bf1d1762f925bdaddc4201f984,0xc02aaa39b223fe8d0a0e5c4f27ead9083c756cc2,18,18,0x51c72848c68a965f66fa7a88855f9f7784502a7f,0x51c72848c68a965f66fa7a88855f9f7784502a7f,zero_for_one,323408019012906582016,0,0,536764931220799398,323408019012906582016,-536764931220799398,3232431059847250837928402775,3232431059847250837928402775,147190762841993450706684,-63986,-63986
1773908411,24690296,0x79f6ded8c64d2a4a612d78a8f09eb50441576341fd59f72e9d456cdb5cd995b7,104,0x1d42064fc4beb5f8aaf85f4617ae8b3b5b8bd801,0x1f9840a85d5af5bf1d1762f925bdaddc4201f984,0xc02aaa39b223fe8d0a0e5c4f27ead9083c756cc2,18,18,0x51c72848c68a965f66fa7a88855f9f7784502a7f,0x51c72848c68a965f66fa7a88855f9f7784502a7f,zero_for_one,344263465528865062912,0,0,571273598290838223,344263465528865062912,-571273598290838223,3232123561220220268832864643,3232123561220220268832864643,147190762841993450706684,-63988,-63988
1773908471,24690301,0x80b2477f1005d22ea47aee770fc0e1beafcab719c6db3b04801773bedeeb3c2b,113,0x1d42064fc4beb5f8aaf85f4617ae8b3b5b8bd801,0x1f9840a85d5af5bf1d1762f925bdaddc4201f984,0xc02aaa39b223fe8d0a0e5c4f27ead9083c756cc2,18,18,0x51c72848c68a965f66fa7a88855f9f7784502a7f,0x51c72848c68a965f66fa7a88855f9f7784502a7f,zero_for_one,303141837811299778560,0,0,502946051066510242,303141837811299778560,-502946051066510242,3231852841164828066634424120,3231852841164828066634424120,147190762841993450706684,-63989,-63989
1773908771,24690326,0xc6d2f65e13889d5890e9052d61988b20cf94382bcb8069db8c9d5aace051c193,84,0x1d42064fc4beb5f8aaf85f4617ae8b3b5b8bd801,0x1f9840a85d5af5bf1d1762f925bdaddc4201f984,0xc02aaa39b223fe8d0a0e5c4f27ead9083c756cc2,18,18,0x51c72848c68a965f66fa7a88855f9f7784502a7f,0x51c72848c68a965f66fa7a88855f9f7784502a7f,zero_for_one,161098333874937954304,0,0,267245784624287597,161098333874937954304,-267245784624287597,3231708991156535125135418833,3231708991156535125135418833,147190762841993450706684,-63990,-63990
1773909071,24690351,0xff19607394d448af790a7e057b4db923b9a81de5722d48e7640778d19e32e924,45,0x1d42064fc4beb5f8aaf85f4617ae8b3b5b8bd801,0x1f9840a85d5af5bf1d1762f925bdaddc4201f984,0xc02aaa39b223fe8d0a0e5c4f27ead9083c756cc2,18,18,0x51c72848c68a965f66fa7a88855f9f7784502a7f,0x51c72848c68a965f66fa7a88855f9f7784502a7f,zero_for_one,682843939299227729920,0,0,1132504705177983846,682843939299227729920,-1132504705177983846,3231099399460034918763727283,3231099399460034918763727283,147190762841993450706684,-63994,-63994
1773909083,24690352,0x48130398edcf97ba4c727bf368d17e8ca3c02f5f699bb0891db78a52e653f817,44,0x1d42064fc4beb5f8aaf85f4617ae8b3b5b8bd801,0x1f9840a85d5af5bf1d1762f925bdaddc4201f984,0xc02aaa39b223fe8d0a0e5c4f27ead9083c756cc2,18,18,0x51c72848c68a965f66fa7a88855f9f7784502a7f,0x51c72848c68a965f66fa7a88855f9f7784502a7f,zero_for_one,745841977268879753216,0,0,1236499604290561152,745841977268879753216,-1236499604290561152,3230433830577137556743025385,3230433830577137556743025385,147190762841993450706684,-63998,-63998
1773909095,24690353,0xbe9210d6300cf4268f4ee57033d99d611a3083e72a8a0ca8a45e34e5f24c7bfd,12,0x1d42064fc4beb5f8aaf85f4617ae8b3b5b8bd801,0x1f9840a85d5af5bf1d1762f925bdaddc4201f984,0xc02aaa39b223fe8d0a0e5c4f27ead9083c756cc2,18,18,0x51c72848c68a965f66fa7a88855f9f7784502a7f,0x51c72848c68a965f66fa7a88855f9f7784502a7f,zero_for_one,1556377239286875947008,0,0,2578611544080959933,1556377239286875947008,-2578611544080959933,3229045845009762549641824107,3229045845009762549641824107,147190762841993450706684,-64007,-64007
1773909119,24690355,0x29fce19b7dc340cdc6cf365f3d91b3f92807cb6f123139ee173cd995ccbb9fa2,460,0x1d42064fc4beb5f8aaf85f4617ae8b3b5b8bd801,0x1f9840a85d5af5bf1d1762f925bdaddc4201f984,0xc02aaa39b223fe8d0a0e5c4f27ead9083c756cc2,18,18,0x51c72848c68a965f66fa7a88855f9f7784502a7f,0x51c72848c68a965f66fa7a88855f9f7784502a7f,zero_for_one,231695289660265955328,0,0,383684133249305843,231695289660265955328,-383684133249305843,3228839319897206043791399007,3228839319897206043791399007,147190762841993450706684,-64008,-64008
1773909719,24690405,0x0c49df2af9fc5b0948714da27f04bf4f7b0564ae9e2d35f4ad1973807237458e,126,0x1d42064fc4beb5f8aaf85f4617ae8b3b5b8bd801,0x1f9840a85d5af5bf1d1762f925bdaddc4201f984,0xc02aaa39b223fe8d0a0e5c4f27ead9083c756cc2,18,18,0x7cda585e917fecb3a33c6d5a8f8a15dd956694dc,0x01989c93890aed05a63d179b03424997075b6acf,one_for_zero,0,531311286227428600,318912947069773188487,0,-318912947069773188487,531311286227428600,3229124450102864053050618144,3229124450102864053050618144,147190762841993450706684,-64006,-64006
1773909779,24690410,0x6b1b4aaac3e9b5038c82ade849abbcf8014ead682dbd4c8e12685aac4c193c98,598,0x1d42064fc4beb5f8aaf85f4617ae8b3b5b8bd801,0x1f9840a85d5af5bf1d1762f925bdaddc4201f984,0xc02aaa39b223fe8d0a0e5c4f27ead9083c756cc2,18,18,0x278d858f05b94576c1e6f73285886876ff6ef8d2,0x278d858f05b94576c1e6f73285886876ff6ef8d2,one_for_zero,0,340224616014872431,204185988518831012811,0,-204185988518831012811,340224616014872431,3229307032926246263777385014,3229307032926246263777385014,147190762841993450706684,-64005,-64005
1773912215,24690612,0x0432c9ddff03646a2420292ea29a6c375e1b3c90b8deb1da726d261afa7b65cc,163,0x1d42064fc4beb5f8aaf85f4617ae8b3b5b8bd801,0x1f9840a85d5af5bf1d1762f925bdaddc4201f984,0xc02aaa39b223fe8d0a0e5c4f27ead9083c756cc2,18,18,0x278d858f05b94576c1e6f73285886876ff6ef8d2,0x278d858f05b94576c1e6f73285886876ff6ef8d2,zero_for_one,191601063088039000000,0,0,317343501393097426,191601063088039000000,-317343501393097426,3229136216891219608970462423,3229136216891219608970462423,147190762841993450706684,-64006,-64006
1773912371,24690625,0x362287e43ac95effd2b180e0f595154eba68003ccab762a73a6b68ecf9803f46,582,0x1d42064fc4beb5f8aaf85f4617ae8b3b5b8bd801,0x1f9840a85d5af5bf1d1762f925bdaddc4201f984,0xc02aaa39b223fe8d0a0e5c4f27ead9083c756cc2,18,18,0x278d858f05b94576c1e6f73285886876ff6ef8d2,0x278d858f05b94576c1e6f73285886876ff6ef8d2,zero_for_one,12793348941521600000,0,0,21188071684022946,12793348941521600000,-21188071684022946,3229124812018017425100038990,3229124812018017425100038990,147190762841993450706684,-64006,-64006
