timestamp,block_number,tx_hash,log_index,pool,token0,token1,token0_decimals,token1_decimals,sender,recipient,direction,token0_in,token1_in,token0_out,token1_out,amount0,amount1,sqrt_price_x96,sqrtPriceX96,liquidity,tick,pre_swap_tick
1773906611,24690146,0x4654d88f11aaeda40a98684947380409fc6b6d9d29f5a01e42960abbeb8608c4,92,0x88e6a0c2ddd26feeb64f039a2c41296fcb3f5640,0xa0b86991c6218b36c1d19d4a2e9eb0ce3606eb48,0xc02aaa39b223fe8d0a0e5c4f27ead9083c756cc2,6,18,0x68b3465833fb72a70ecdf485e0e4c7bd8665fc45,0xabdf03d7b8548050235685bcbb4c8225dff3aba9,one_for_zero,0,505000000000000000,1093028339,0,-1093028339,505000000000000000,1702555996279259743548568186536369,1702555996279259743548568186536369,11496476451457776307,199516,199516
1773906623,24690147,0x7f793b8b8c0bbfaba0b579afaa6e297beea868789a5961352f737c4596841bfa,76,0x88e6a0c2ddd26feeb64f039a2c41296fcb3f5640,0xa0b86991c6218b36c1d19d4a2e9eb0ce3606eb48,0xc02aaa39b223fe8d0a0e5c4f27ead9083c756cc2,6,18,0xfcec5d04d41f730f672d77ccb1c8546cbfc84428,0xfcec5d04d41f730f672d77ccb1c8546cbfc84428,one_for_zero,0,2046193224026563716,4428760589,0,-4428760589,2046193224026563716,1702570090603891145923273372409002,1702570090603891145923273372409002,11496476451457776307,199516,199516
1773906623,24690147,0x65fb8b7762c3dee22c7c61d9b7a55813c1ee094038b315194ba47d0c171304d5,125,0x88e6a0c2ddd26feeb64f039a2c41296fcb3f5640,0xa0b86991c6218b36c1d19d4a2e9eb0ce3606eb48,0xc02aaa39b223fe8d0a0e5c4f27ead9083c756cc2,6,18,0x5418226af9c8d5d287a78fbbbcd337b86ec07d61,0xeeeeee9ec4769a09a76a83c7bc42b185872860ee,one_for_zero,0,500000000000000000,1082183959,0,-1082183959,500000000000000000,1702573534639494896755051813636207,1702573534639494896755051813636207,11496476451457776307,199516,199516
1773906623,24690147,0xa69163e1229a248ce19a08b8d3bbc3411c2f9aa9836cfac827783b7d1cd3193f,427,0x88e6a0c2ddd26feeb64f039a2c41296fcb3f5640,0xa0b86991c6218b36c1d19d4a2e9eb0ce3606eb48,0xc02aaa39b223fe8d0a0e5c4f27ead9083c756cc2,6,18,0x4de4fccc14eab1d69890a49471a9d57b96dd725f,0x4de4fccc14eab1d69890a49471a9d57b96dd725f,zero_for_one,5527900,0,0,2551499908938086,5527900,-2551499908938086,1702573517057618757940365902852282,1702573517057618757940365902852282,11497672253201626463,199516,199516
1773906647,24690149,0x360c8fda424d4779ea3d68db6f6e5ffa38157e3475aed19015df4a57a56a36b9,86,0x88e6a0c2ddd26feeb64f039a2c41296fcb3f5640,0xa0b86991c6218b36c1d19d4a2e9eb0ce3606eb48,0xc02aaa39b223fe8d0a0e5c4f27ead9083c756cc2,6,18,0x156acd2bc5fc336d59baae602a2bd9b5e20d6672,0xabdf03d7b8548050235685bcbb4c8225dff3aba9,one_for_zero,0,347378835434418986,751853044,0,-751853044,347378835434418986,1702575909578915991836378328273917,1702575909578915991836378328273917,11497672253201626463,199516,199516
1773906647,24690149,0x048a9400352e3f7294f400251135a049f51db64fec824a3044d20729cc3df0a1,183,0x88e6a0c2ddd26feeb64f039a2c41296fcb3f5640,0xa0b86991c6218b36c1d19d4a2e9eb0ce3606eb48,0xc02aaa39b223fe8d0a0e5c4f27ead9083c756cc2,6,18,0x68b3465833fb72a70ecdf485e0e4c7bd8665fc45,0xad6cea45f98444a922a2b4fe96b8c90f0862d2f4,zero_for_one,6218776,0,0,2870393680284389,6218776,-2870393680284389,1702575889799606582650273591707197,1702575889799606582650273591707197,11497672253201626463,199516,199516
1773906647,24690149,0xb0468951b6e7e3e74a0f5774918e61677a344ac704660ec0ea61f859a0f72540,196,0x88e6a0c2ddd26feeb64f039a2c41296fcb3f5640,0xa0b86991c6218b36c1d19d4a2e9eb0ce3606eb48,0xc02aaa39b223fe8d0a0e5c4f27ead9083c756cc2,6,18,0x68b3465833fb72a70ecdf485e0e4c7bd8665fc45,0xad6cea45f98444a922a2b4fe96b8c90f0862d2f4,zero_for_one,6219272,0,0,2870622666313940,6219272,-2870622666313940,1702575870018719276480914057470535,1702575870018719276480914057470535,11497672253201626463,199516,199516
1773906671,24690151,0x540b38988a3aed401e5801eb27b9d50b1d1bef9781b0b1aa3388ae66b6ad7fda,10,0x88e6a0c2ddd26feeb64f039a2c41296fcb3f5640,0xa0b86991c6218b36c1d19d4a2e9eb0ce3606eb48,0xc02aaa39b223fe8d0a0e5c4f27ead9083c756cc2,6,18,0x51c72848c68a965f66fa7a88855f9f7784502a7f,0x51c72848c68a965f66fa7a88855f9f7784502a7f,zero_for_one,89866685584,0,0,41472708613107078390,89866685584,-41472708613107078390,1702290089869003231421158837505136,1702290089869003231421158837505136,11497672253201626463,199513,199513
1773906683,24690152,0x8b7d930c8ff118b0d36b78905c18684e0b8b41999dffc4640adfca52e20ebc53,9,0x88e6a0c2ddd26feeb64f039a2c41296fcb3f5640,0xa0b86991c6218b36c1d19d4a2e9eb0ce3606eb48,0xc02aaa39b223fe8d0a0e5c4f27ead9083c756cc2,6,18,0xbdb3ba9ffe392549e1f8658dd2630c141fdf47b6,0xbdb3ba9ffe392549e1f8658dd2630c141fdf47b6,zero_for_one,112160145911,0,0,51741420111932557368,112160145911,-51741420111932557368,1701933324749416311766099604110070,1701933324749416311766099604110070,11474427149376211149,199508,199508
1773906707,24690154,0xeb9beb7c406c6acd4b2f1108faf195646c873040a206794f7321e1f5985fce4e,22,0x88e6a0c2ddd26feeb64f039a2c41296fcb3f5640,0xa0b86991c6218b36c1d19d4a2e9eb0ce3606eb48,0xc02aaa39b223fe8d0a0e5c4f27ead9083c756cc2,6,18,0x51c72848c68a965f66fa7a88855f9f7784502a7f,0x51c72848c68a965f66fa7a88855f9f7784502a7f,one_for_zero,0,1778238612232358400,3851623132,0,-3851623132,1778238612232358400,1701945596920622511012036280359396,1701945596920622511012036280359396,11474427149376211149,199508,199508
1773906707,24690154,0x856d1598d4a18a8fb6290ddc11918269ac842ba542ef35996b35490330a448cf,93,0x88e6a0c2ddd26feeb64f039a2c41296fcb3f5640,0xa0b86991c6218b36c1d19d4a2e9eb0ce3606eb48,0xc02aaa39b223fe8d0a0e5c4f27ead9083c756cc2,6,18,0x5050e08626c499411b5d0e0b5af0e83d3fd82edf,0x5050e08626c499411b5d0e0b5af0e83d3fd82edf,one_for_zero,0,6108724550737305494,13230930976,0,-13230930976,6108724550737305494,1701987755106268951680237767569600,1701987755106268951680237767569600,11474427149376211149,199509,199509
1773906707,24690154,0x5c1ffba09e42cc3cbdc7c1b2683b22648e3f2297369865782e9f4231102b12ca,202,0x88e6a0c2ddd26feeb64f039a2c41296fcb3f5640,0xa0b86991c6218b36c1d19d4a2e9eb0ce3606eb48,0xc02aaa39b223fe8d0a0e5c4f27ead9083c756cc2,6,18,0x68b3465833fb72a70ecdf485e0e4c7bd8665fc45,0xad6cea45f98444a922a2b4fe96b8c90f0862d2f4,zero_for_one,6220663,0,0,2869281221925340,6220663,-2869281221925340,1701987735294571514376261027003610,1701987735294571514376261027003610,11474427149376211149,199509,199509
1773906707,24690154,0x1a609e27e07da0985b81c95ae99cb48c5947b084b57e20fa3f41c75ee701742d,214,0x88e6a0c2ddd26feeb64f039a2c41296fcb3f5640,0xa0b86991c6218b36c1d19d4a2e9eb0ce3606eb48,0xc02aaa39b223fe8d0a0e5c4f27ead9083c756cc2,6,18,0x68b3465833fb72a70ecdf485e0e4c7bd8665fc45,0xad6cea45f98444a922a2b4fe96b8c90f0862d2f4,zero_for_one,6215587,0,0,2866940062823593,6215587,-2866940062823593,1701987715499039218161273049988684,1701987715499039218161273049988684,11474427149376211149,199509,199509
1773906719,24690155,0xe7cd5e43422a3d68e7d736feaff432b110ef0dfdb949d64955ef144a441b5f27,174,0x88e6a0c2ddd26feeb64f039a2c41296fcb3f5640,0xa0b86991c6218b36c1d19d4a2e9eb0ce3606eb48,0xc02aaa39b223fe8d0a0e5c4f27ead9083c756cc2,6,18,0xe592427a0aece92de3edee1f18e0157c05861564,0x7060477657367cf51e2cbe2bc7bf568f78f5226d,one_for_zero,0,40800960000000000,88368896,0,-88368896,40800960000000000,1701987997079004388695830950357627,1701987997079004388695830950357627,11474427149376211149,199509,199509
1773906743,24690157,0x4ff88b40ed25c7b05edd6cb8dfeb13e06cf622c97031a119b635686b066e790f,47,0x88e6a0c2ddd26feeb64f039a2c41296fcb3f5640,0xa0b86991c6218b36c1d19d4a2e9eb0ce3606eb48,0xc02aaa39b223fe8d0a0e5c4f27ead9083c756cc2,6,18,0x66a9893cc07d91d95644aedd05d03f95e1dba8af,0x66a9893cc07d91d95644aedd05d03f95e1dba8af,one_for_zero,0,458357006061782216,992732058,0,-992732058,458357006061782216,1701991159362088953594780317969913,1701991159362088953594780317969913,11477981257052987681,199509,199509
1773906755,24690158,0xff2f94e3485a778ca81a63dc6cf2cef24d1c7cc2de01f30daa69b2b35e5d4c4a,10,0x88e6a0c2ddd26feeb64f039a2c41296fcb3f5640,0xa0b86991c6218b36c1d19d4a2e9eb0ce3606eb48,0xc02aaa39b223fe8d0a0e5c4f27ead9083c756cc2,6,18,0xbdb3ba9ffe392549e1f8658dd2630c141fdf47b6,0xbdb3ba9ffe392549e1f8658dd2630c141fdf47b6,zero_for_one,71392178095,0,0,32925385338305314448,71392178095,-32925385338305314448,1701763887882722746510640557277871,1701763887882722746510640557277871,11477981257052987681,199506,199506
1773906767,24690159,0xe6fa8b0b001bf7364db8ac4ffb4f76e98f0ed17b0d0c2dd8ce8adeba6535f700,9,0x88e6a0c2ddd26feeb64f039a2c41296fcb3f5640,0xa0b86991c6218b36c1d19d4a2e9eb0ce3606eb48,0xc02aaa39b223fe8d0a0e5c4f27ead9083c756cc2,6,18,0xbdb3ba9ffe392549e1f8658dd2630c141fdf47b6,0xbdb3ba9ffe392549e1f8658dd2630c141fdf47b6,zero_for_one,129089233785,0,0,59512388507180632773,129089233785,-59512388507180632773,1701352969139078514046988703219472,1701352969139078514046988703219472,11474427149376211149,199502,199502
1773906779,24690160,0x665e6a1326aec3c990a7b2ce251f0c2b6e85989ddf7af2bdcdcdf48a1a704d4c,48,0x88e6a0c2ddd26feeb64f039a2c41296fcb3f5640,0xa0b86991c6218b36c1d19d4a2e9eb0ce3606eb48,0xc02aaa39b223fe8d0a0e5c4f27ead9083c756cc2,6,18,0xe592427a0aece92de3edee1f18e0157c05861564,0xe592427a0aece92de3edee1f18e0157c05861564,one_for_zero,0,2315453540000000000,5018629226,0,-5018629226,2315453540000000000,1701368948795614712973332170241780,1701368948795614712973332170241780,11474427149376211149,199502,199502
1773906779,24690160,0x5e3c5e82c88a92a1b65d98224ec8dc069abf249ee47e0e5dac04a2a708203d9d,106,0x88e6a0c2ddd26feeb64f039a2c41296fcb3f5640,0xa0b86991c6218b36c1d19d4a2e9eb0ce3606eb48,0xc02aaa39b223fe8d0a0e5c4f27ead9083c756cc2,6,18,0x5050e08626c499411b5d0e0b5af0e83d3fd82edf,0x5050e08626c499411b5d0e0b5af0e83d3fd82edf,zero_for_one,6498667843,0,0,2995295654531809433,6498667843,-2995295654531809433,1701348266998797656442378089495047,1701348266998797656442378089495047,11474427149376211149,199501,199501
1773906791,24690161,0x03b84841d7c28589682b8086a869c13968c1824bd692daa63c29fd66b985d5c0,2,0x88e6a0c2ddd26feeb64f039a2c41296fcb3f5640,0xa0b86991c6218b36c1d19d4a2e9eb0ce3606eb48,0xc02aaa39b223fe8d0a0e5c4f27ead9083c756cc2,6,18,0x5050e08626c499411b5d0e0b5af0e83d3fd82edf,0x5050e08626c499411b5d0e0b5af0e83d3fd82edf,zero_for_one,138348351844,0,0,63748748075274137007,138348351844,-63748748075274137007,1700907894737918460948232776711765,1700907894737918460948232776711765,11465911455826761113,199496,199496
1773906815,24690163,0xeafcd29e5e927498005e3f1cea2988afb44c4d613b616e931ddd1bdd90bf290a,115,0x88e6a0c2ddd26feeb64f039a2c41296fcb3f5640,0xa0b86991c6218b36c1d19d4a2e9eb0ce3606eb48,0xc02aaa39b223fe8d0a0e5c4f27ead9083c756cc2,6,18,0xe592427a0aece92de3edee1f18e0157c05861564,0x7060477657367cf51e2cbe2bc7bf568f78f5226d,one_for_zero,0,1249920000000000,2710582,0,-2710582,1249920000000000,1700907903370407106853911479133870,1700907903370407106853911479133870,11465911455826761113,199496,199496
1773906827,24690164,0xce475288208f88ec7a8b8a37454e92a1adec5276d8d5f8ae8add5b913fbb2043,19,0x88e6a0c2ddd26feeb64f039a2c41296fcb3f5640,0xa0b86991c6218b36c1d19d4a2e9eb0ce3606eb48,0xc02aaa39b223fe8d0a0e5c4f27ead9083c756cc2,6,18,0xbdb3ba9ffe392549e1f8658dd2630c141fdf47b6,0xbdb3ba9ffe392549e1f8658dd2630c141fdf47b6,zero_for_one,39350624159,0,0,18126120937014730601,39350624159,-18126120937014730601,1700782653907171350419781867821344,1700782653907171350419781867821344,11465911455826761113,199495,199495
1773906827,24690164,0x859f10e28e38346872bf24ce64ffc9ca83729977dcd1f736682666a76206ad63,107,0x88e6a0c2ddd26feeb64f039a2c41296fcb3f5640,0xa0b86991c6218b36c1d19d4a2e9eb0ce3606eb48,0xc02aaa39b223fe8d0a0e5c4f27ead9083c756cc2,6,18,0xe592427a0aece92de3edee1f18e0157c05861564,0x7060477657367cf51e2cbe2bc7bf568f78f5226d,one_for_zero,0,1249920000000000,2710981,0,-2710981,1249920000000000,1700782662539659996325460570243449,1700782662539659996325460570243449,11465911455826761113,199495,199495
1773906839,24690165,0x51d8f97d2b061a7f006d0e69f058bec8ba2544352d3e620af10d6c78c01c74e4,13,0x88e6a0c2ddd26feeb64f039a2c41296fcb3f5640,0xa0b86991c6218b36c1d19d4a2e9eb0ce3606eb48,0xc02aaa39b223fe8d0a0e5c4f27ead9083c756cc2,6,18,0x51c72848c68a965f66fa7a88855f9f7784502a7f,0x51c72848c68a965f66fa7a88855f9f7784502a7f,zero_for_one,170500750943,0,0,78507116203619209073,170500750943,-78507116203619209073,1700240200337652657606040434534517,1700240200337652657606040434534517,11467585727037094857,199488,199488
1773906851,24690166,0x4017b23f94e1c37724d4167d5c49f49707480b17784e58f6fd42b45117741374,7,0x88e6a0c2ddd26feeb64f039a2c41296fcb3f5640,0xa0b86991c6218b36c1d19d4a2e9eb0ce3606eb48,0xc02aaa39b223fe8d0a0e5c4f27ead9083c756cc2,6,18,0xbdb3ba9ffe392549e1f8658dd2630c141fdf47b6,0xbdb3ba9ffe392549e1f8658dd2630c141fdf47b6,zero_for_one,108993826802,0,0,50160004202938956663,108993826802,-50160004202938956663,1699893650936645177815237214968319,1699893650936645177815237214968319,11467585727037094857,199484,199484
1773906887,24690169,0x754d31ad548c24e8b4504cda5f41aec469769c1e1487d294a57b6e9dd9d315ba,537,0x88e6a0c2ddd26feeb64f039a2c41296fcb3f5640,0xa0b86991c6218b36c1d19d4a2e9eb0ce3606eb48,0xc02aaa39b223fe8d0a0e5c4f27ead9083c756cc2,6,18,0x3fc91a3afd70395cd496c647d5a6cc9d4b2b7fad,0x3fc91a3afd70395cd496c647d5a6cc9d4b2b7fad,one_for_zero,0,46057624822626,100000,0,-100000,46057624822626,1699893651254692632684192432365438,1699893651254692632684192432365438,11467585727037094857,199484,199484
1773906899,24690170,0xf8684876ddd35c463d7bce3e158b01fd61242f9cd21202d6a58bb562efaac111,360,0x88e6a0c2ddd26feeb64f039a2c41296fcb3f5640,0xa0b86991c6218b36c1d19d4a2e9eb0ce3606eb48,0xc02aaa39b223fe8d0a0e5c4f27ead9083c756cc2,6,18,0x4de4fccc14eab1d69890a49471a9d57b96dd725f,0x748c05b80d07de9692d976bd3173f301356ab945,one_for_zero,0,17912531270590834,38891562,0,-38891562,17912531270590834,1699893774911245275348524302617136,1699893774911245275348524302617136,11471024541480988287,199484,199484
1773906911,24690171,0x676322cfb31eaea6ceda631a5e5679316923190cea68964baac1c18f454812ae,166,0x88e6a0c2ddd26feeb64f039a2c41296fcb3f5640,0xa0b86991c6218b36c1d19d4a2e9eb0ce3606eb48,0xc02aaa39b223fe8d0a0e5c4f27ead9083c756cc2,6,18,0x63242a4ea82847b20e506b63b0e2e2eff0cc6cb0,0x63242a4ea82847b20e506b63b0e2e2eff0cc6cb0,one_for_zero,0,140978565517125741892,305916485252,0,-305916485252,140978565517125741892,1700867239219655724974360352793376,1700867239219655724974360352793376,11465911455826761113,199496,199496
1773906911,24690171,0xaa00c3d333160d64c64efbadc9780f1f6687b271b93f6b6b29ffcc3741393e04,237,0x88e6a0c2ddd26feeb64f039a2c41296fcb3f5640,0xa0b86991c6218b36c1d19d4a2e9eb0ce3606eb48,0xc02aaa39b223fe8d0a0e5c4f27ead9083c756cc2,6,18,0x51c72848c68a965f66fa7a88855f9f7784502a7f,0x51c72848c68a965f66fa7a88855f9f7784502a7f,zero_for_one,258101424896,0,0,118835215775341452277,258101424896,-118835215775341452277,1700046227917450472472671408100247,1700046227917450472472671408100247,11471024541480988287,199486,199486
1773906923,24690172,0x47d4fb5b9da9c578fb930788efecc61725bffd0b3aaa673ec3bb63b9fb6fed3d,464,0x88e6a0c2ddd26feeb64f039a2c41296fcb3f5640,0xa0b86991c6218b36c1d19d4a2e9eb0ce3606eb48,0xc02aaa39b223fe8d0a0e5c4f27ead9083c756cc2,6,18,0xe592427a0aece92de3edee1f18e0157c05861564,0x4a14347083b80e5216ca31350a2d21702ac3650d,zero_for_one,10000314,0,0,4602127905739525,10000314,-4602127905739525,1700046196121905507179503921513285,1700046196121905507179503921513285,11467585727037094857,199486,199486
1773906947,24690174,0x5bd7ebb7a28f562459986e095ac2787d642c886e2c520fbaaf56ba98ce54c4e9,191,0x88e6a0c2ddd26feeb64f039a2c41296fcb3f5640,0xa0b86991c6218b36c1d19d4a2e9eb0ce3606eb48,0xc02aaa39b223fe8d0a0e5c4f27ead9083c756cc2,6,18,0xe592427a0aece92de3edee1f18e0157c05861564,0xa1bcdadf4cf08353d648aa15898651e8f0584cec,one_for_zero,0,166427840000000000,361281899,0,-361281899,166427840000000000,1700047345376803804408728303318525,1700047345376803804408728303318525,11467585727037094857,199486,199486
1773907007,24690179,0xd4708699f2a13721718f1caabce13204ba88663f9584912adf133d74225bd256,2,0x88e6a0c2ddd26feeb64f039a2c41296fcb3f5640,0xa0b86991c6218b36c1d19d4a2e9eb0ce3606eb48,0xc02aaa39b223fe8d0a0e5c4f27ead9083c756cc2,6,18,0xbdb3ba9ffe392549e1f8658dd2630c141fdf47b6,0xbdb3ba9ffe392549e1f8658dd2630c141fdf47b6,zero_for_one,69428204225,0,0,31946642761634794307,69428204225,-31946642761634794307,1699826696339455863822495349144049,1699826696339455863822495349144049,11471039415924157273,199484,199484
1773907031,24690181,0x9c066b1672e37947111f1b099db86d9b510a831143eef8285e32d4467b782bcc,10,0x88e6a0c2ddd26feeb64f039a2c41296fcb3f5640,0xa0b86991c6218b36c1d19d4a2e9eb0ce3606eb48,0xc02aaa39b223fe8d0a0e5c4f27ead9083c756cc2,6,18,0xbdb3ba9ffe392549e1f8658dd2630c141fdf47b6,0xbdb3ba9ffe392549e1f8658dd2630c141fdf47b6,one_for_zero,0,116117134806511863352,252013708617,0,-252013708617,116117134806511863352,1700628577994163563287087980457646,1700628577994163563287087980457646,11465911455826761113,199493,199493
1773907055,24690183,0xb735738acc6b284609568daeb926fcb1fa9fe4c301305c38cdbdfe0701cc6197,186,0x88e6a0c2ddd26feeb64f039a2c41296fcb3f5640,0xa0b86991c6218b36c1d19d4a2e9eb0ce3606eb48,0xc02aaa39b223fe8d0a0e5c4f27ead9083c756cc2,6,18,0xe592427a0aece92de3edee1f18e0157c05861564,0x4585fe77225b41b697c938b018e2ac67ac5a20c0,zero_for_one,21342488135,0,0,9828116192592755194,21342488135,-9828116192592755194,1700560666813276141603382239611312,1700560666813276141603382239611312,11465911455826761113,199492,199492
1773907055,24690183,0x6f5d7588439f7ee87d581988ec7de49ae69ee27d762d0be170e16800e4401018,208,0x88e6a0c2ddd26feeb64f039a2c41296fcb3f5640,0xa0b86991c6218b36c1d19d4a2e9eb0ce3606eb48,0xc02aaa39b223fe8d0a0e5c4f27ead9083c756cc2,6,18,0x66a9893cc07d91d95644aedd05d03f95e1dba8af,0x66a9893cc07d91d95644aedd05d03f95e1dba8af,zero_for_one,224969066,0,0,103593024326666294,224969066,-103593024326666294,1700559950997093684833560441065421,1700559950997093684833560441065421,11465911455826761113,199492,199492
1773907055,24690183,0x526f4c0999bdd02df441790661516aea5227bfb376f4c46aa6418743badd7490,214,0x88e6a0c2ddd26feeb64f039a2c41296fcb3f5640,0xa0b86991c6218b36c1d19d4a2e9eb0ce3606eb48,0xc02aaa39b223fe8d0a0e5c4f27ead9083c756cc2,6,18,0x3fc91a3afd70395cd496c647d5a6cc9d4b2b7fad,0x3fc91a3afd70395cd496c647d5a6cc9d4b2b7fad,one_for_zero,0,4839842575837415,10500000,0,-10500000,4839842575837415,1700559984423141819024046785935698,1700559984423141819024046785935698,11465911455826761113,199492,199492
1773907055,24690183,0xbe3749e411fcbaf3a11567eb5c5b6a4b4f66c830168720bb1d44db0374230a0b,229,0x88e6a0c2ddd26feeb64f039a2c41296fcb3f5640,0xa0b86991c6218b36c1d19d4a2e9eb0ce3606eb48,0xc02aaa39b223fe8d0a0e5c4f27ead9083c756cc2,6,18,0x66a9893cc07d91d95644aedd05d03f95e1dba8af,0x47898746b627b73eb781d834e0f2ac98d62763a6,one_for_zero,0,40000000000000000,86779666,0,-86779666,40000000000000000,1700560260680458956302551087718375,1700560260680458956302551087718375,11465911455826761113,199492,199492
1773907055,24690183,0xb32e534ca17a666bb8100de82c52eb73093d4daf3459761246b4a87254d4adea,593,0x88e6a0c2ddd26feeb64f039a2c41296fcb3f5640,0xa0b86991c6218b36c1d19d4a2e9eb0ce3606eb48,0xc02aaa39b223fe8d0a0e5c4f27ead9083c756cc2,6,18,0x63242a4ea82847b20e506b63b0e2e2eff0cc6cb0,0x63242a4ea82847b20e506b63b0e2e2eff0cc6cb0,one_for_zero,0,180405032725510413,391386862,0,-391386862,180405032725510413,1700561506635717426613475905076024,1700561506635717426613475905076024,11465911455826761113,199492,199492
1773907067,24690184,0xd1c8c3eb479e535e60cd2bdffbfdc0154681f32835e0b7f9a4c6ec5d43710c4c,2,0x88e6a0c2ddd26feeb64f039a2c41296fcb3f5640,0xa0b86991c6218b36c1d19d4a2e9eb0ce3606eb48,0xc02aaa39b223fe8d0a0e5c4f27ead9083c756cc2,6,18,0x51c72848c68a965f66fa7a88855f9f7784502a7f,0x51c72848c68a965f66fa7a88855f9f7784502a7f,one_for_zero,0,18673446238723014656,40508747775,0,-40508747775,18673446238723014656,1700690473539707847221092008703560,1700690473539707847221092008703560,11465911455826761113,199494,199494
1773907091,24690186,0xc9e7740e35c75014b9947dfa69b7c56cb7ad9e356ad9137c5d933ff4a8baff97,2,0x88e6a0c2ddd26feeb64f039a2c41296fcb3f5640,0xa0b86991c6218b36c1d19d4a2e9eb0ce3606eb48,0xc02aaa39b223fe8d0a0e5c4f27ead9083c756cc2,6,18,0x5050e08626c499411b5d0e0b5af0e83d3fd82edf,0x5050e08626c499411b5d0e0b5af0e83d3fd82edf,one_for_zero,0,65399458219583504653,141824163901,0,-141824163901,65399458219583504653,1701142150511457189112573008560655,1701142150511457189112573008560655,11465911455826761113,199499,199499
1773907103,24690187,0x4e8d84555cdd0bedc549f87d2ab7c529117b3f301803d412034ff3cfcb588434,39,0x88e6a0c2ddd26feeb64f039a2c41296fcb3f5640,0xa0b86991c6218b36c1d19d4a2e9eb0ce3606eb48,0xc02aaa39b223fe8d0a0e5c4f27ead9083c756cc2,6,18,0x6747bcaf9bd5a5f0758cbe08903490e45ddfacb5,0xdec408c7e44309cdcc21a6c18c965906d8def385,one_for_zero,0,254542261323241248,551848928,0,-551848928,254542261323241248,1701143908490512469479516216934820,1701143908490512469479516216934820,11465911455826761113,199499,199499
1773907115,24690188,0xe98eb5f7eb8c14b40e08042fdbbfff281df33d33b884020c3d495604a9218340,2,0x88e6a0c2ddd26feeb64f039a2c41296fcb3f5640,0xa0b86991c6218b36c1d19d4a2e9eb0ce3606eb48,0xc02aaa39b223fe8d0a0e5c4f27ead9083c756cc2,6,18,0xbdb3ba9ffe392549e1f8658dd2630c141fdf47b6,0xbdb3ba9ffe392549e1f8658dd2630c141fdf47b6,one_for_zero,0,33702360438098382125,73056823982,0,-73056823982,33702360438098382125,1701376526154104441197238955540467,1701376526154104441197238955540467,11474427149376211149,199502,199502
1773907127,24690189,0x8890087b6702f700bdc949e3cfe49297ab7574b3aae75b082f62747514f65126,32,0x88e6a0c2ddd26feeb64f039a2c41296fcb3f5640,0xa0b86991c6218b36c1d19d4a2e9eb0ce3606eb48,0xc02aaa39b223fe8d0a0e5c4f27ead9083c756cc2,6,18,0x66a9893cc07d91d95644aedd05d03f95e1dba8af,0x66a9893cc07d91d95644aedd05d03f95e1dba8af,one_for_zero,0,990341104719047867,2146466690,0,-2146466690,990341104719047867,1701383360802450307035093463768512,1701383360802450307035093463768512,11474427149376211149,199502,199502
1773907139,24690190,0x337484cc58c250faf191bfcfbf63368fd70cc58c39c2cf7dd4e27ad602b306de,2,0x88e6a0c2ddd26feeb64f039a2c41296fcb3f5640,0xa0b86991c6218b36c1d19d4a2e9eb0ce3606eb48,0xc02aaa39b223fe8d0a0e5c4f27ead9083c756cc2,6,18,0x51c72848c68a965f66fa7a88855f9f7784502a7f,0x51c72848c68a965f66fa7a88855f9f7784502a7f,one_for_zero,0,32997971939031408640,71509991481,0,-71509991481,32997971939031408640,1701611089948756931701150140593443,1701611089948756931701150140593443,11474427149376211149,199505,199505
1773907151,24690191,0xe6b67cb753169809705dbac39fb3b06aab9bdd9966ea5c24a9af74bd00e5010b,40,0x88e6a0c2ddd26feeb64f039a2c41296fcb3f5640,0xa0b86991c6218b36c1d19d4a2e9eb0ce3606eb48,0xc02aaa39b223fe8d0a0e5c4f27ead9083c756cc2,6,18,0xbdb3ba9ffe392549e1f8658dd2630c141fdf47b6,0xbdb3ba9ffe392549e1f8658dd2630c141fdf47b6,one_for_zero,0,3298600399338438115,7147353270,0,-7147353270,3298600399338438115,1701633854603940467303942378940087,1701633854603940467303942378940087,11474427149376211149,199505,199505
1773907163,24690192,0x2c600b99715a98f7ad18026dbcf7612035e0fa3d661f3ad63e34f5ebe6e7bd35,15,0x88e6a0c2ddd26feeb64f039a2c41296fcb3f5640,0xa0b86991c6218b36c1d19d4a2e9eb0ce3606eb48,0xc02aaa39b223fe8d0a0e5c4f27ead9083c756cc2,6,18,0xbdb3ba9ffe392549e1f8658dd2630c141fdf47b6,0xbdb3ba9ffe392549e1f8658dd2630c141fdf47b6,one_for_zero,0,21638006895661082637,46880137324,0,-46880137324,21638006895661082637,1701783185139987659189633138969497,1701783185139987659189633138969497,11474427149376211149,199507,199507
1773907175,24690193,0x99d62a1b30fec01565a167c803ae54ebe6b231343740d8eab811bf9daf11ee6b,15,0x88e6a0c2ddd26feeb64f039a2c41296fcb3f5640,0xa0b86991c6218b36c1d19d4a2e9eb0ce3606eb48,0xc02aaa39b223fe8d0a0e5c4f27ead9083c756cc2,6,18,0x0c370ea6bc17c7010ba44f004a39f83ef897e4bb,0x0c370ea6bc17c7010ba44f004a39f83ef897e4bb,one_for_zero,0,37425276519904642214,81064856595,0,-81064856595,37425276519904642214,1702041449310156675336041779271768,1702041449310156675336041779271768,11496476451457776307,199510,199510
1773907175,24690193,0xaec2cab54d0a5c84e2766a7a10f042671a8ec691ba738ed06b40880979531565,236,0x88e6a0c2ddd26feeb64f039a2c41296fcb3f5640,0xa0b86991c6218b36c1d19d4a2e9eb0ce3606eb48,0xc02aaa39b223fe8d0a0e5c4f27ead9083c756cc2,6,18,0xc10ee9031f2a0b84766a86b55a8d90f357910fb4,0xc10ee9031f2a0b84766a86b55a8d90f357910fb4,one_for_zero,0,136013365294188817,294566292,0,-294566292,136013365294188817,1702042386179901993644061119066943,1702042386179901993644061119066943,11496476451457776307,199510,199510
1773907187,24690194,0xaf29c4d3c311bec08a98f461d9c99ac6f911d73914b91e4fe313b7a5529b6934,189,0x88e6a0c2ddd26feeb64f039a2c41296fcb3f5640,0xa0b86991c6218b36c1d19d4a2e9eb0ce3606eb48,0xc02aaa39b223fe8d0a0e5c4f27ead9083c756cc2,6,18,0x990636ecb3ff04d33d92e970d3d588bf5cd8d086,0x990636ecb3ff04d33d92e970d3d588bf5cd8d086,one_for_zero,0,692223353179261869,1499154020,0,-1499154020,692223353179261869,1702047154263650187972879552586431,1702047154263650187972879552586431,11496476451457776307,199510,199510
1773907211,24690196,0xb898de495b1ba2134d7558067093daac368a4d960eb60ebc11ab4673fabfad80,28,0x88e6a0c2ddd26feeb64f039a2c41296fcb3f5640,0xa0b86991c6218b36c1d19d4a2e9eb0ce3606eb48,0xc02aaa39b223fe8d0a0e5c4f27ead9083c756cc2,6,18,0x66a9893cc07d91d95644aedd05d03f95e1dba8af,0x66a9893cc07d91d95644aedd05d03f95e1dba8af,one_for_zero,0,22500878617882937358,48725771283,0,-48725771283,22500878617882937358,1702202141917801517259789992379745,1702202141917801517259789992379745,11496476451457776307,199512,199512
1773907223,24690197,0x7d52d322d3734b5fe97c76e20d48bd37dfea7580d6ff2a9b348d4ce753c6d952,2,0x88e6a0c2ddd26feeb64f039a2c41296fcb3f5640,0xa0b86991c6218b36c1d19d4a2e9eb0ce3606eb48,0xc02aaa39b223fe8d0a0e5c4f27ead9083c756cc2,6,18,0xbdb3ba9ffe392549e1f8658dd2630c141fdf47b6,0xbdb3ba9ffe392549e1f8658dd2630c141fdf47b6,zero_for_one,61525670484,0,0,28382610835049390601,61525670484,-28382610835049390601,1702006494762755913047603572399034,1702006494762755913047603572399034,11474427149376211149,199509,199509
1773907223,24690197,0xeebc73a6ec4a3c1fe52ee3caf62dca78a563c98336b0852ff736c01fc1b2c1f9,7,0x88e6a0c2ddd26feeb64f039a2c41296fcb3f5640,0xa0b86991c6218b36c1d19d4a2e9eb0ce3606eb48,0xc02aaa39b223fe8d0a0e5c4f27ead9083c756cc2,6,18,0x66a9893cc07d91d95644aedd05d03f95e1dba8af,0x66a9893cc07d91d95644aedd05d03f95e1dba8af,one_for_zero,0,501579383105999454,1086321396,0,-1086321396,501579383105999454,1702009956316239587096837226477884,1702009956316239587096837226477884,11474427149376211149,199509,199509
1773907235,24690198,0x785860ce8ea0b45e8d5ee0a395b2618f97945690bca0feb4f3283b9f962bf15d,9,0x88e6a0c2ddd26feeb64f039a2c41296fcb3f5640,0xa0b86991c6218b36c1d19d4a2e9eb0ce3606eb48,0xc02aaa39b223fe8d0a0e5c4f27ead9083c756cc2,6,18,0x51c72848c68a965f66fa7a88855f9f7784502a7f,0x51c72848c68a965f66fa7a88855f9f7784502a7f,zero_for_one,311893046412,0,0,143780541869393815401,311893046412,-143780541869393815401,1701017064768430356240542796071037,1701017064768430356240542796071037,11465911455826761113,199498,199498
1773907247,24690199,0xf2b55df403446bfe5f527196e728ee187a2dd03484945595a0c076efd2b4dab4,416,0x88e6a0c2ddd26feeb64f039a2c41296fcb3f5640,0xa0b86991c6218b36c1d19d4a2e9eb0ce3606eb48,0xc02aaa39b223fe8d0a0e5c4f27ead9083c756cc2,6,18,0x68b3465833fb72a70ecdf485e0e4c7bd8665fc45,0xad6cea45f98444a922a2b4fe96b8c90f0862d2f4,zero_for_one,104507002,0,0,48148889412084299,104507002,-48148889412084299,1701016732065003339684178536636524,1701016732065003339684178536636524,11465911455826761113,199498,199498
1773907295,24690203,0x78c6bd576a54f65ed6d2b8c0265b02032eecd6d5b2536e3402803ebf18a6fafd,136,0x88e6a0c2ddd26feeb64f039a2c41296fcb3f5640,0xa0b86991c6218b36c1d19d4a2e9eb0ce3606eb48,0xc02aaa39b223fe8d0a0e5c4f27ead9083c756cc2,6,18,0x66a9893cc07d91d95644aedd05d03f95e1dba8af,0x66a9893cc07d91d95644aedd05d03f95e1dba8af,zero_for_one,15000000000,0,0,6910665499240995903,15000000000,-6910665499240995903,1700968991278393848403920034213967,1700968991278393848403920034213967,11468586257997134664,199497,199497
1773907343,24690207,0x087c8a1b552d1461c328e37bb04357dc59049338e9367f9d51602c2d16ce40e2,66,0x88e6a0c2ddd26feeb64f039a2c41296fcb3f5640,0xa0b86991c6218b36c1d19d4a2e9eb0ce3606eb48,0xc02aaa39b223fe8d0a0e5c4f27ead9083c756cc2,6,18,0x990636ecb3ff04d33d92e970d3d588bf5cd8d086,0x990636ecb3ff04d33d92e970d3d588bf5cd8d086,one_for_zero,0,807335642837632886,1750660271,0,-1750660271,807335642837632886,1700974565787423674185551013220068,1700974565787423674185551013220068,11468586257997134663,199497,199497
1773907343,24690207,0xb57b31e8eedc7b705e737c1110bcf77e3857ca69a59082bf12e7bac0ec828c24,79,0x88e6a0c2ddd26feeb64f039a2c41296fcb3f5640,0xa0b86991c6218b36c1d19d4a2e9eb0ce3606eb48,0xc02aaa39b223fe8d0a0e5c4f27ead9083c756cc2,6,18,0x42e213a3ad048e899b89ea8cb11d21bc97b84748,0x42e213a3ad048e899b89ea8cb11d21bc97b84748,one_for_zero,0,392622786096398336,851375473,0,-851375473,392622786096398336,1700977276777934036063101852495462,1700977276777934036063101852495462,11468586257997134663,199497,199497
1773907343,24690207,0xb57b31e8eedc7b705e737c1110bcf77e3857ca69a59082bf12e7bac0ec828c24,89,0x88e6a0c2ddd26feeb64f039a2c41296fcb3f5640,0xa0b86991c6218b36c1d19d4a2e9eb0ce3606eb48,0xc02aaa39b223fe8d0a0e5c4f27ead9083c756cc2,6,18,0x42e213a3ad048e899b89ea8cb11d21bc97b84748,0xe0554a476a092703abdb3ef35c80e0d76d32939f,one_for_zero,0,211586634266602325,458809920,0,-458809920,211586634266602325,1700978737746013141215374488829879,1700978737746013141215374488829879,11468586257997134663,199497,199497
1773907343,24690207,0xc6a5f1ed4c450cd2e8d17f81f058df2f42423dfff9c7a640668e26ab9aaff2c5,93,0x88e6a0c2ddd26feeb64f039a2c41296fcb3f5640,0xa0b86991c6218b36c1d19d4a2e9eb0ce3606eb48,0xc02aaa39b223fe8d0a0e5c4f27ead9083c756cc2,6,18,0x7cda585e917fecb3a33c6d5a8f8a15dd956694dc,0x01989c93890aed05a63d179b03424997075b6acf,zero_for_one,50027047295,0,0,23045472744532654071,50027047295,-23045472744532654071,1700819533253083709504676339625335,1700819533253083709504676339625335,11468586257997134663,199495,199495
1773907343,24690207,0xc4edc65b4c5ea7ca9eb65925daf2d7eea7c6a0a15c6e8247e0171ba7a2cb909b,218,0x88e6a0c2ddd26feeb64f039a2c41296fcb3f5640,0xa0b86991c6218b36c1d19d4a2e9eb0ce3606eb48,0xc02aaa39b223fe8d0a0e5c4f27ead9083c756cc2,6,18,0xf48a3f7c0575c85cf4529aa220caf3c055773f1c,0xf48a3f7c0575c85cf4529aa220caf3c055773f1c,one_for_zero,0,5071498562951373356,10998991372,0,-10998991372,5071498562951373356,1700854551048699115827627731801509,1700854551048699115827627731801509,11468586257997134663,199496,199496
1773907343,24690207,0xb215461c8d3f329450c7b9f635644e0bf3bd1d638bfbb880d6f95e776992a469,396,0x88e6a0c2ddd26feeb64f039a2c41296fcb3f5640,0xa0b86991c6218b36c1d19d4a2e9eb0ce3606eb48,0xc02aaa39b223fe8d0a0e5c4f27ead9083c756cc2,6,18,0x6747bcaf9bd5a5f0758cbe08903490e45ddfacb5,0x5e1f62dac767b0491e3ce72469c217365d5b48cc,one_for_zero,0,184337341650000000,399779580,0,-399779580,184337341650000000,1700855823865258967216104917941262,1700855823865258967216104917941262,11468586257997134663,199496,199496
1773907343,24690207,0x9fda835a0eb4c36af346ac6f4f23992eecf88371837e9623bad4ad9aa4f12904,519,0x88e6a0c2ddd26feeb64f039a2c41296fcb3f5640,0xa0b86991c6218b36c1d19d4a2e9eb0ce3606eb48,0xc02aaa39b223fe8d0a0e5c4f27ead9083c756cc2,6,18,0x66a9893cc07d91d95644aedd05d03f95e1dba8af,0x4041ff26b6713fcd5659471521ba2e514e23750d,one_for_zero,0,4326700419921893784,9383312077,0,-9383312077,4326700419921893784,1700885698962158481079613726813447,1700885698962158481079613726813447,11468586257997134663,199496,199496
1773907367,24690209,0xd2160eedffe0092433fc919ce995b10d2127dd27b629382255126e1192c8e753,20,0x88e6a0c2ddd26feeb64f039a2c41296fcb3f5640,0xa0b86991c6218b36c1d19d4a2e9eb0ce3606eb48,0xc02aaa39b223fe8d0a0e5c4f27ead9083c756cc2,6,18,0x51c72848c68a965f66fa7a88855f9f7784502a7f,0x51c72848c68a965f66fa7a88855f9f7784502a7f,one_for_zero,0,7855951266699120640,17036353276,0,-17036353276,7855951266699120640,1700939942907831824858947478420511,1700939942907831824858947478420511,11468586395182841390,199497,199497
1773907379,24690210,0x6b3b745ddbabb55ef197b2f5ce2a5409b772a61c4db43f6f3ca55bc958ff7125,9,0x88e6a0c2ddd26feeb64f039a2c41296fcb3f5640,0xa0b86991c6218b36c1d19d4a2e9eb0ce3606eb48,0xc02aaa39b223fe8d0a0e5c4f27ead9083c756cc2,6,18,0xbdb3ba9ffe392549e1f8658dd2630c141fdf47b6,0xbdb3ba9ffe392549e1f8658dd2630c141fdf47b6,one_for_zero,0,126979735875797605961,275216619297,0,-275216619297,126979735875797605961,1701816447780324716280494331220091,1701816447780324716280494331220091,11474427149376211149,199507,199507
1773907391,24690211,0x8619c571b37e7bcb9ff4f37089526fa16dae414764c3d06d00fe92566832721f,13,0x88e6a0c2ddd26feeb64f039a2c41296fcb3f5640,0xa0b86991c6218b36c1d19d4a2e9eb0ce3606eb48,0xc02aaa39b223fe8d0a0e5c4f27ead9083c756cc2,6,18,0xbdb3ba9ffe392549e1f8658dd2630c141fdf47b6,0xbdb3ba9ffe392549e1f8658dd2630c141fdf47b6,one_for_zero,0,53120008393178183056,115048551326,0,-115048551326,53120008393178183056,1702182754586194296096027466127172,1702182754586194296096027466127172,11496476451457776307,199511,199511
1773907391,24690211,0x5fb5d0109363cb7ee33ee7bf54b6a230b3ff0ccd28e4f42192db7f301adc5a84,235,0x88e6a0c2ddd26feeb64f039a2c41296fcb3f5640,0xa0b86991c6218b36c1d19d4a2e9eb0ce3606eb48,0xc02aaa39b223fe8d0a0e5c4f27ead9083c756cc2,6,18,0xa508b77b1e0f7027ae6e848f9a58682077e2b4ed,0xa508b77b1e0f7027ae6e848f9a58682077e2b4ed,zero_for_one,9697804151,0,0,4474057339919634031,9697804151,-4474057339919634031,1702151921544129451759471773560471,1702151921544129451759471773560471,11496476451457776307,199511,199511
1773907403,24690212,0xb150265fe8730a780a9ae1168edd3fb1eddf56adeed93099002ffffa64723dce,39,0x88e6a0c2ddd26feeb64f039a2c41296fcb3f5640,0xa0b86991c6218b36c1d19d4a2e9eb0ce3606eb48,0xc02aaa39b223fe8d0a0e5c4f27ead9083c756cc2,6,18,0x5050e08626c499411b5d0e0b5af0e83d3fd82edf,0x5050e08626c499411b5d0e0b5af0e83d3fd82edf,one_for_zero,0,10137935077886665796,21952147709,0,-21952147709,10137935077886665796,1702221752362842964037120345988777,1702221752362842964037120345988777,11496476451457776307,199512,199512
1773907427,24690214,0x45272f3387f2191acf7ed140600fc8081ea60602d87a1d72a80e09c182ed78de,201,0x88e6a0c2ddd26feeb64f039a2c41296fcb3f5640,0xa0b86991c6218b36c1d19d4a2e9eb0ce3606eb48,0xc02aaa39b223fe8d0a0e5c4f27ead9083c756cc2,6,18,0x66a9893cc07d91d95644aedd05d03f95e1dba8af,0x3f9343a5b2d1ccad06a07219b7d74e3cbff1b8cb,one_for_zero,0,5000000000000000000,10826072008,0,-10826072008,5000000000000000000,1702256193020617424020123933211763,1702256193020617424020123933211763,11496375730043508596,199512,199512
1773907451,24690216,0xba127b27fb881f276d37f2633981e712bd4ae0e5cbda1fe7e5ef1e6f91415bca,170,0x88e6a0c2ddd26feeb64f039a2c41296fcb3f5640,0xa0b86991c6218b36c1d19d4a2e9eb0ce3606eb48,0xc02aaa39b223fe8d0a0e5c4f27ead9083c756cc2,6,18,0x0906a879ea0f66e3559f11b25b866dba247f9e63,0x0906a879ea0f66e3559f11b25b866dba247f9e63,zero_for_one,41772290,0,0,19273550155135334,41772290,-19273550155135334,1702256060231426245506428930796156,1702256060231426245506428930796156,11499489908520268848,199512,199512
1773907463,24690217,0x9af9c6de582dcc2e3a43661cc0a6f6ff563fa03845587492261ce4d4c0f5722c,8,0x88e6a0c2ddd26feeb64f039a2c41296fcb3f5640,0xa0b86991c6218b36c1d19d4a2e9eb0ce3606eb48,0xc02aaa39b223fe8d0a0e5c4f27ead9083c756cc2,6,18,0x51c72848c68a965f66fa7a88855f9f7784502a7f,0x51c72848c68a965f66fa7a88855f9f7784502a7f,one_for_zero,0,24858852429852966912,53818252538,0,-53818252538,24858852429852966912,1702427244906163152842858797887176,1702427244906163152842858797887176,11499489908520268848,199514,199514
1773907463,24690217,0xf82ff6c5f4c223dcd8822100167bc3b95bd97be2a922b0c077c35ac881110e52,78,0x88e6a0c2ddd26feeb64f039a2c41296fcb3f5640,0xa0b86991c6218b36c1d19d4a2e9eb0ce3606eb48,0xc02aaa39b223fe8d0a0e5c4f27ead9083c756cc2,6,18,0x3fc91a3afd70395cd496c647d5a6cc9d4b2b7fad,0x3fc91a3afd70395cd496c647d5a6cc9d4b2b7fad,one_for_zero,0,14551432037595288,31500000,0,-31500000,14551432037595288,1702427345111197449620951537671635,1702427345111197449620951537671635,11499489908520268848,199514,199514
1773907463,24690217,0xfa731833113e98529698dd1fdee6df0416448cda09e4dd05c7eaaee4572fcb05,294,0x88e6a0c2ddd26feeb64f039a2c41296fcb3f5640,0xa0b86991c6218b36c1d19d4a2e9eb0ce3606eb48,0xc02aaa39b223fe8d0a0e5c4f27ead9083c756cc2,6,18,0x3fc91a3afd70395cd496c647d5a6cc9d4b2b7fad,0x3fc91a3afd70395cd496c647d5a6cc9d4b2b7fad,one_for_zero,0,4619502592380438,10000000,0,-10000000,4619502592380438,1702427376922321915418450401049256,1702427376922321915418450401049256,11499489908520268848,199514,199514
1773907475,24690218,0x6a0e81b24b4cb6edbc58b6142c77455e92b742f1d9b6b28f2881fd25685f7bb7,12,0x88e6a0c2ddd26feeb64f039a2c41296fcb3f5640,0xa0b86991c6218b36c1d19d4a2e9eb0ce3606eb48,0xc02aaa39b223fe8d0a0e5c4f27ead9083c756cc2,6,18,0xbdb3ba9ffe392549e1f8658dd2630c141fdf47b6,0xbdb3ba9ffe392549e1f8658dd2630c141fdf47b6,one_for_zero,0,27006404227979652290,58455327871,0,-58455327871,27006404227979652290,1702613350210373952826553248805862,1702613350210373952826553248805862,11499489908520268848,199516,199516
1773907487,24690219,0x70144216be39b3077c3b7976f427b6b75a0d043d645648afcc4ad120d3cc5f34,53,0x88e6a0c2ddd26feeb64f039a2c41296fcb3f5640,0xa0b86991c6218b36c1d19d4a2e9eb0ce3606eb48,0xc02aaa39b223fe8d0a0e5c4f27ead9083c756cc2,6,18,0xbdb3ba9ffe392549e1f8658dd2630c141fdf47b6,0xbdb3ba9ffe392549e1f8658dd2630c141fdf47b6,one_for_zero,0,65747570143699521234,142257158206,0,-142257158206,65747570143699521234,1703066145955523739602842904085125,1703066145955523739602842904085125,11496953131840683414,199522,199522
1773907499,24690220,0xe6d6c494e18c3c8199b33a3a186f4f4033893ca15643bc37e3a8032c8b790b93,61,0x88e6a0c2ddd26feeb64f039a2c41296fcb3f5640,0xa0b86991c6218b36c1d19d4a2e9eb0ce3606eb48,0xc02aaa39b223fe8d0a0e5c4f27ead9083c756cc2,6,18,0x7cda585e917fecb3a33c6d5a8f8a15dd956694dc,0x01989c93890aed05a63d179b03424997075b6acf,one_for_zero,0,14797684849214304000,32007128786,0,-32007128786,14797684849214304000,1703168069236408748772683670365336,1703168069236408748772683670365336,11496953131840683414,199523,199523
1773907499,24690220,0xb29392eeb7880c3fda5a88ca60bed61c8baaec44dc8262ddf938df1415b88796,158,0x88e6a0c2ddd26feeb64f039a2c41296fcb3f5640,0xa0b86991c6218b36c1d19d4a2e9eb0ce3606eb48,0xc02aaa39b223fe8d0a0e5c4f27ead9083c756cc2,6,18,0x66a9893cc07d91d95644aedd05d03f95e1dba8af,0x66a9893cc07d91d95644aedd05d03f95e1dba8af,zero_for_one,47929958,0,0,22138370589761567,47929958,-22138370589761567,1703167916675777877885271572615216,1703167916675777877885271572615216,11496953131840683414,199523,199523
1773907523,24690222,0x13733b7d648ae561b40377e1feafda8e0d4f3b52ba03f547d7a2fa4e5299d090,226,0x88e6a0c2ddd26feeb64f039a2c41296fcb3f5640,0xa0b86991c6218b36c1d19d4a2e9eb0ce3606eb48,0xc02aaa39b223fe8d0a0e5c4f27ead9083c756cc2,6,18,0x68b3465833fb72a70ecdf485e0e4c7bd8665fc45,0x792c24179876a1260cc5df9f2c2b6d5b42b3f303,one_for_zero,0,610127917538790,1319617,0,-1319617,610127917538790,1703167920878208173486111916770828,1703167920878208173486111916770828,11496953131840683414,199523,199523
1773907523,24690222,0x13733b7d648ae561b40377e1feafda8e0d4f3b52ba03f547d7a2fa4e5299d090,254,0x88e6a0c2ddd26feeb64f039a2c41296fcb3f5640,0xa0b86991c6218b36c1d19d4a2e9eb0ce3606eb48,0xc02aaa39b223fe8d0a0e5c4f27ead9083c756cc2,6,18,0x68b3465833fb72a70ecdf485e0e4c7bd8665fc45,0x5d76ae3fbcd9a2b80937c9c9f0e55a940f93743c,one_for_zero,0,7142113257470997,15447341,0,-15447341,7142113257470997,1703167970071553150853649734589704,1703167970071553150853649734589704,11496953131840683414,199523,199523
1773907523,24690222,0x5fc365da8850e2a8c1f6dd9b821d43df8f79f38283b5e47b9bf462c8b5cf5a99,797,0x88e6a0c2ddd26feeb64f039a2c41296fcb3f5640,0xa0b86991c6218b36c1d19d4a2e9eb0ce3606eb48,0xc02aaa39b223fe8d0a0e5c4f27ead9083c756cc2,6,18,0xc10ee9031f2a0b84766a86b55a8d90f357910fb4,0xc10ee9031f2a0b84766a86b55a8d90f357910fb4,one_for_zero,0,3291651000000000000,7119262476,0,-7119262476,3291651000000000000,1703190642257970625122612490073055,1703190642257970625122612490073055,11496953131840683414,199523,199523
1773907559,24690225,0x0388a138fdeda41242cb9c33f53abf3fa2b16f38bd5439a93e724fd0bf4998c6,123,0x88e6a0c2ddd26feeb64f039a2c41296fcb3f5640,0xa0b86991c6218b36c1d19d4a2e9eb0ce3606eb48,0xc02aaa39b223fe8d0a0e5c4f27ead9083c756cc2,6,18,0x66a9893cc07d91d95644aedd05d03f95e1dba8af,0x66a9893cc07d91d95644aedd05d03f95e1dba8af,zero_for_one,4807368,0,0,2220534327763352,4807368,-2220534327763352,1703190626955755110545900447735071,1703190626955755110545900447735071,11496953132110172684,199523,199523
1773907559,24690225,0x235f0f808666a08ade67ef66c1e38173e4a4c0d3a70c18fc6a8f3e2aa942397b,1148,0x88e6a0c2ddd26feeb64f039a2c41296fcb3f5640,0xa0b86991c6218b36c1d19d4a2e9eb0ce3606eb48,0xc02aaa39b223fe8d0a0e5c4f27ead9083c756cc2,6,18,0x3fc91a3afd70395cd496c647d5a6cc9d4b2b7fad,0x3fc91a3afd70395cd496c647d5a6cc9d4b2b7fad,one_for_zero,0,7282242246545702,15750000,0,-15750000,7282242246545702,1703190677114278522359822205766221,1703190677114278522359822205766221,11496953132110172684,199523,199523
1773907571,24690226,0x0a4b2b4e5e15fdc73ecac79c255b8dbe221504fe51af5f9113dfa75bcc5bdb5d,448,0x88e6a0c2ddd26feeb64f039a2c41296fcb3f5640,0xa0b86991c6218b36c1d19d4a2e9eb0ce3606eb48,0xc02aaa39b223fe8d0a0e5c4f27ead9083c756cc2,6,18,0x3992abf40e4ba909e85689032a78d59ba7450368,0x3992abf40e4ba909e85689032a78d59ba7450368,zero_for_one,11618149,0,0,5366449801149523,11618149,-5366449801149523,1703190640132832039583845180822507,1703190640132832039583845180822507,11496953132110172684,199523,199523
1773907571,24690226,0x0a4b2b4e5e15fdc73ecac79c255b8dbe221504fe51af5f9113dfa75bcc5bdb5d,453,0x88e6a0c2ddd26feeb64f039a2c41296fcb3f5640,0xa0b86991c6218b36c1d19d4a2e9eb0ce3606eb48,0xc02aaa39b223fe8d0a0e5c4f27ead9083c756cc2,6,18,0x3992abf40e4ba909e85689032a78d59ba7450368,0x3992abf40e4ba909e85689032a78d59ba7450368,zero_for_one,179963,0,0,83125320729817,179963,-83125320729817,1703190639559996233074514841607302,1703190639559996233074514841607302,11496953132110172684,199523,199523
1773907583,24690227,0x844a773e79f0fe43e2d1b634c7389d7282c6f2b967821127ba35b6b1704db624,127,0x88e6a0c2ddd26feeb64f039a2c41296fcb3f5640,0xa0b86991c6218b36c1d19d4a2e9eb0ce3606eb48,0xc02aaa39b223fe8d0a0e5c4f27ead9083c756cc2,6,18,0x3fc91a3afd70395cd496c647d5a6cc9d4b2b7fad,0x3fc91a3afd70395cd496c647d5a6cc9d4b2b7fad,one_for_zero,0,2311822923158959,5000000,0,-5000000,2311822923158959,1703190655483336914337988294867055,1703190655483336914337988294867055,11496953132110172684,199523,199523
1773907607,24690229,0x6c525bb4ac368e0a2ce7bb40ab651fcbe4f1af8686fafe85e2841e82d1d515fa,15,0x88e6a0c2ddd26feeb64f039a2c41296fcb3f5640,0xa0b86991c6218b36c1d19d4a2e9eb0ce3606eb48,0xc02aaa39b223fe8d0a0e5c4f27ead9083c756cc2,6,18,0xbdb3ba9ffe392549e1f8658dd2630c141fdf47b6,0xbdb3ba9ffe392549e1f8658dd2630c141fdf47b6,one_for_zero,0,41064196122212105093,88798707524,0,-88798707524,41064196122212105093,1703473496862799727725261069007855,1703473496862799727725261069007855,11496953132042805285,199526,199526
1773907619,24690230,0x11fc6fd5e565dd24513d48099464099c584d575ae20a3a84562ac533fd6829df,153,0x88e6a0c2ddd26feeb64f039a2c41296fcb3f5640,0xa0b86991c6218b36c1d19d4a2e9eb0ce3606eb48,0xc02aaa39b223fe8d0a0e5c4f27ead9083c756cc2,6,18,0x0a8accba63f42e743a31f33c44b87be0c83fe230,0x0a8accba63f42e743a31f33c44b87be0c83fe230,zero_for_one,348770,0,0,161150904703638,348770,-161150904703638,1703473495752271579915720387589957,1703473495752271579915720387589957,11496953132042805285,199526,199526
1773907631,24690231,0x33a86fda7ddf4749bd9f8138d6ec0d45f68fa1bfe9faa9f6179f80fb7316e428,41,0x88e6a0c2ddd26feeb64f039a2c41296fcb3f5640,0xa0b86991c6218b36c1d19d4a2e9eb0ce3606eb48,0xc02aaa39b223fe8d0a0e5c4f27ead9083c756cc2,6,18,0x66a9893cc07d91d95644aedd05d03f95e1dba8af,0x74de5d4fcbf63e00296fd95d33236b9794016631,one_for_zero,0,968782254399853952,2094573854,0,-2094573854,968782254399853952,1703480168516750350090890181943735,1703480168516750350090890181943735,11496953132042805285,199527,199527
1773907655,24690233,0xba32a9a4646fa79aea7bcb2cf395f5a4b241f7fb25d5e16c78bc81b51bc6c553,2,0x88e6a0c2ddd26feeb64f039a2c41296fcb3f5640,0xa0b86991c6218b36c1d19d4a2e9eb0ce3606eb48,0xc02aaa39b223fe8d0a0e5c4f27ead9083c756cc2,6,18,0x5050e08626c499411b5d0e0b5af0e83d3fd82edf,0x5050e08626c499411b5d0e0b5af0e83d3fd82edf,zero_for_one,146790633640,0,0,67807384643556471798,146790633640,-67807384643556471798,1703012892149826563788859253065623,1703012892149826563788859253065623,11496953131984844132,199521,199521
1773907691,24690236,0x4467089e3e558228556498fc6ead9719efed35eb4ddaa260103c238af0a3d342,9,0x88e6a0c2ddd26feeb64f039a2c41296fcb3f5640,0xa0b86991c6218b36c1d19d4a2e9eb0ce3606eb48,0xc02aaa39b223fe8d0a0e5c4f27ead9083c756cc2,6,18,0xbdb3ba9ffe392549e1f8658dd2630c141fdf47b6,0xbdb3ba9ffe392549e1f8658dd2630c141fdf47b6,zero_for_one,171182978635,0,0,79028033181745883528,171182978635,-79028033181745883528,1702468270887641689135281015922143,1702468270887641689135281015922143,11496375730043508596,199515,199515
1773907751,24690241,0xec94ee1a063645829824e728944749807e7b707cb3886170ad28f054bcc64f2e,113,0x88e6a0c2ddd26feeb64f039a2c41296fcb3f5640,0xa0b86991c6218b36c1d19d4a2e9eb0ce3606eb48,0xc02aaa39b223fe8d0a0e5c4f27ead9083c756cc2,6,18,0xf48a3f7c0575c85cf4529aa220caf3c055773f1c,0xf48a3f7c0575c85cf4529aa220caf3c055773f1c,one_for_zero,0,4750000000000000000,10281800570,0,-10281800570,4750000000000000000,1702500989512526923500679015652133,1702500989512526923500679015652133,11496375730220114142,199515,199515
1773907751,24690241,0x26b521bea4c25d8e2292e9dd899471fe1f2cd5a05e501d42cca523f5fba22d5d,164,0x88e6a0c2ddd26feeb64f039a2c41296fcb3f5640,0xa0b86991c6218b36c1d19d4a2e9eb0ce3606eb48,0xc02aaa39b223fe8d0a0e5c4f27ead9083c756cc2,6,18,0x66a9893cc07d91d95644aedd05d03f95e1dba8af,0x66a9893cc07d91d95644aedd05d03f95e1dba8af,zero_for_one,480570604,0,0,221796755234489197,480570604,-221796755234489197,1702499460983033697015066888059337,1702499460983033697015066888059337,11496375730220114142,199515,199515
1773907751,24690241,0xff280aa456a1952f7061eb1f3efaafec6f47e75630cc6da73166e2bdb2c0fbab,368,0x88e6a0c2ddd26feeb64f039a2c41296fcb3f5640,0xa0b86991c6218b36c1d19d4a2e9eb0ce3606eb48,0xc02aaa39b223fe8d0a0e5c4f27ead9083c756cc2,6,18,0xf48a3f7c0575c85cf4529aa220caf3c055773f1c,0xf48a3f7c0575c85cf4529aa220caf3c055773f1c,one_for_zero,0,173539490853568522,375634967,0,-375634967,173539490853568522,1702500656345876647008448490854639,1702500656345876647008448490854639,11496375730220114142,199515,199515
1773907763,24690242,0xbd0a3da002304051ec8e96eef2b838f9f3910713fe7cffa681c798678086661d,157,0x88e6a0c2ddd26feeb64f039a2c41296fcb3f5640,0xa0b86991c6218b36c1d19d4a2e9eb0ce3606eb48,0xc02aaa39b223fe8d0a0e5c4f27ead9083c756cc2,6,18,0x3d126d6b1581f7566a34bd4e912920bba41367d5,0x3d126d6b1581f7566a34bd4e912920bba41367d5,zero_for_one,271143409,0,0,125140255839616669,271143409,-125140255839616669,1702499793932124734931380947044037,1702499793932124734931380947044037,11496375730043508596,199515,199515
1773907763,24690242,0x0bb8b1a70733cdb793d1747a7fd99b7e0d91a172d4526f815daa2fe05de2aca5,248,0x88e6a0c2ddd26feeb64f039a2c41296fcb3f5640,0xa0b86991c6218b36c1d19d4a2e9eb0ce3606eb48,0xc02aaa39b223fe8d0a0e5c4f27ead9083c756cc2,6,18,0x6747bcaf9bd5a5f0758cbe08903490e45ddfacb5,0x5e1f62dac767b0491e3ce72469c217365d5b48cc,zero_for_one,1803761923,0,0,832483277403396790,1803761923,-832483277403396790,1702494056809231285962020198873156,1702494056809231285962020198873156,11496375730043508596,199515,199515
1773907763,24690242,0x64e0409aaca9b145f900aa1f9caf11e94a3ab452d9f7d790e91e96ab3933b48b,264,0x88e6a0c2ddd26feeb64f039a2c41296fcb3f5640,0xa0b86991c6218b36c1d19d4a2e9eb0ce3606eb48,0xc02aaa39b223fe8d0a0e5c4f27ead9083c756cc2,6,18,0x51c72848c68a965f66fa7a88855f9f7784502a7f,0x51c72848c68a965f66fa7a88855f9f7784502a7f,one_for_zero,0,16312628622351222784,35307424874,0,-35307424874,16312628622351222784,1702606420341188137778624866302470,1702606420341188137778624866302470,11496375730043508596,199516,199516
1773907799,24690245,0x1cc2761dfcf07844d84c07e2efbb9eb5ce168a10d4c0e02925ba2e35e8f80f4c,90,0x88e6a0c2ddd26feeb64f039a2c41296fcb3f5640,0xa0b86991c6218b36c1d19d4a2e9eb0ce3606eb48,0xc02aaa39b223fe8d0a0e5c4f27ead9083c756cc2,6,18,0x6747bcaf9bd5a5f0758cbe08903490e45ddfacb5,0xdd10b31b3c5f0a86618867fda9466d131df21dd7,one_for_zero,0,28340448000000000000,61329631098,0,-61329631098,28340448000000000000,1702801633075336713553903675803775,1702801633075336713553903675803775,11496375730043508596,199519,199519
1773907799,24690245,0xced85c73943dd514ae383e0e13d96f319ad9869f1216ba7a7c637cec20e5965b,234,0x88e6a0c2ddd26feeb64f039a2c41296fcb3f5640,0xa0b86991c6218b36c1d19d4a2e9eb0ce3606eb48,0xc02aaa39b223fe8d0a0e5c4f27ead9083c756cc2,6,18,0x6a000f20005980200259b80c5102003040001068,0x6a000f20005980200259b80c5102003040001068,one_for_zero,0,46215348391333909,100000000,0,-100000000,46215348391333909,1702801951412736288228072607906545,1702801951412736288228072607906545,11496375730043508596,199519,199519
1773907811,24690246,0x21e68ca80de51a18634c241f0851dd8bfebe7a4e51555e4f5a342c89b6d565e1,174,0x88e6a0c2ddd26feeb64f039a2c41296fcb3f5640,0xa0b86991c6218b36c1d19d4a2e9eb0ce3606eb48,0xc02aaa39b223fe8d0a0e5c4f27ead9083c756cc2,6,18,0x68bcff624bd55194a78f0a9e686d6183d0957869,0x68bcff624bd55194a78f0a9e686d6183d0957869,zero_for_one,877014422,0,0,404909468069149765,877014422,-404909468069149765,1702799160947819948414346380617825,1702799160947819948414346380617825,11496375730043508596,199519,199519
1773907811,24690246,0x4727babc25f976daddbad242e6a773aafef3feae4314ba4c0d65a86e6cc3c81e,218,0x88e6a0c2ddd26feeb64f039a2c41296fcb3f5640,0xa0b86991c6218b36c1d19d4a2e9eb0ce3606eb48,0xc02aaa39b223fe8d0a0e5c4f27ead9083c756cc2,6,18,0xe592427a0aece92de3edee1f18e0157c05861564,0x4a14347083b80e5216ca31350a2d21702ac3650d,zero_for_one,22348704751,0,0,10317743056281428710,22348704751,-10317743056281428710,1702728055423536566824811141689112,1702728055423536566824811141689112,11496375730043508596,199518,199518
1773907811,24690246,0x94cfbfe37e820bdec905dc0ebdfc618ecd769e7d9e3dd48fc8e308b06e477dc5,600,0x88e6a0c2ddd26feeb64f039a2c41296fcb3f5640,0xa0b86991c6218b36c1d19d4a2e9eb0ce3606eb48,0xc02aaa39b223fe8d0a0e5c4f27ead9083c756cc2,6,18,0x3fc91a3afd70395cd496c647d5a6cc9d4b2b7fad,0x3fc91a3afd70395cd496c647d5a6cc9d4b2b7fad,one_for_zero,0,46211345938760,100000,0,-100000,46211345938760,1702728055741846396979603103378460,1702728055741846396979603103378460,11496375730043508596,199518,199518
1773907823,24690247,0xe7a5e09def13bb20e90aeb4691c9ddfa099773984410b4009cfb89789ac1aa14,31,0x88e6a0c2ddd26feeb64f039a2c41296fcb3f5640,0xa0b86991c6218b36c1d19d4a2e9eb0ce3606eb48,0xc02aaa39b223fe8d0a0e5c4f27ead9083c756cc2,6,18,0x7cda585e917fecb3a33c6d5a8f8a15dd956694dc,0x01989c93890aed05a63d179b03424997075b6acf,zero_for_one,18013451868,0,0,8315656496349680572,18013451868,-8315656496349680572,1702670747751939294570502638556019,1702670747751939294570502638556019,11496375730043508596,199517,199517
1773907835,24690248,0x8e69b1e2f0566ebb2aede5875ba461ff5b169ed418c5838952c97eb759120c7e,72,0x88e6a0c2ddd26feeb64f039a2c41296fcb3f5640,0xa0b86991c6218b36c1d19d4a2e9eb0ce3606eb48,0xc02aaa39b223fe8d0a0e5c4f27ead9083c756cc2,6,18,0x7cda585e917fecb3a33c6d5a8f8a15dd956694dc,0x01989c93890aed05a63d179b03424997075b6acf,zero_for_one,16003561272,0,0,7387349254162300722,16003561272,-7387349254162300722,1702619837263190316881794539900465,1702619837263190316881794539900465,11496375730043508596,199516,199516
1773907859,24690250,0x43d57b285bd68d01d519ac443e86cd326880a3fba75f75dddb543ab007b95aca,53,0x88e6a0c2ddd26feeb64f039a2c41296fcb3f5640,0xa0b86991c6218b36c1d19d4a2e9eb0ce3606eb48,0xc02aaa39b223fe8d0a0e5c4f27ead9083c756cc2,6,18,0x5050e08626c499411b5d0e0b5af0e83d3fd82edf,0x5050e08626c499411b5d0e0b5af0e83d3fd82edf,one_for_zero,0,20566117466030950480,44506430758,0,-44506430758,20566117466030950480,1702761499385869700101800857020792,1702761499385869700101800857020792,11496375730043508596,199518,199518
1773907871,24690251,0x42abba6c3f4d6270d692a8e0448719bb0f92811bbca224bb59a5b94474151f71,20,0x88e6a0c2ddd26feeb64f039a2c41296fcb3f5640,0xa0b86991c6218b36c1d19d4a2e9eb0ce3606eb48,0xc02aaa39b223fe8d0a0e5c4f27ead9083c756cc2,6,18,0x3fc91a3afd70395cd496c647d5a6cc9d4b2b7fad,0x3fc91a3afd70395cd496c647d5a6cc9d4b2b7fad,one_for_zero,0,96000000000000000,207732949,0,-207732949,96000000000000000,1702762160646498969733474525895473,1702762160646498969733474525895473,11496375730043508596,199518,199518
1773907871,24690251,0x89c4b7441489e26e1e5575e2050198f80c27436061b7791b6b3a1904e6a1c4c9,36,0x88e6a0c2ddd26feeb64f039a2c41296fcb3f5640,0xa0b86991c6218b36c1d19d4a2e9eb0ce3606eb48,0xc02aaa39b223fe8d0a0e5c4f27ead9083c756cc2,6,18,0x00000000009e50a7ddb7a7b0e2ee6604fd120e49,0x00000000009e50a7ddb7a7b0e2ee6604fd120e49,zero_for_one,4416880,0,0,2039140514267136,4416880,-2039140514267136,1702762146593604401267088258841094,1702762146593604401267088258841094,11496375730043508596,199518,199518
1773907907,24690254,0x45be970ec62012f617557f2ab339c2e745d59654c9956f17e1ccddedde25d2ed,9,0x88e6a0c2ddd26feeb64f039a2c41296fcb3f5640,0xa0b86991c6218b36c1d19d4a2e9eb0ce3606eb48,0xc02aaa39b223fe8d0a0e5c4f27ead9083c756cc2,6,18,0x51c72848c68a965f66fa7a88855f9f7784502a7f,0x51c72848c68a965f66fa7a88855f9f7784502a7f,zero_for_one,332035102321,0,0,153195566538428666441,332035102321,-153195566538428666441,1701705762802386461312260075381054,1701705762802386461312260075381054,11474326427961943438,199506,199506
1773907931,24690256,0x32a344d70ce6497647f018166fc63c611160bb638fc7e084feb5725578070264,180,0x88e6a0c2ddd26feeb64f039a2c41296fcb3f5640,0xa0b86991c6218b36c1d19d4a2e9eb0ce3606eb48,0xc02aaa39b223fe8d0a0e5c4f27ead9083c756cc2,6,18,0x0000000000007a8d56014359bf3e98f18b7773f9,0x0000000000007a8d56014359bf3e98f18b7773f9,one_for_zero,0,197292844583464153,427448713,0,-427448713,197292844583464153,1701707124392896969249129995143925,1701707124392896969249129995143925,11474326427961943438,199506,199506
1773907967,24690259,0x35adea82bc0d47255daab52920179007c387918d88b8296e79692c82fde8b1e5,12,0x88e6a0c2ddd26feeb64f039a2c41296fcb3f5640,0xa0b86991c6218b36c1d19d4a2e9eb0ce3606eb48,0xc02aaa39b223fe8d0a0e5c4f27ead9083c756cc2,6,18,0x0c370ea6bc17c7010ba44f004a39f83ef897e4bb,0x0c370ea6bc17c7010ba44f004a39f83ef897e4bb,one_for_zero,0,33857295797374561630,73344064006,0,-73344064006,33857295797374561630,1701940786048321123567002237210711,1701940786048321123567002237210711,11474326428074652150,199508,199508
1773907991,24690261,0xae0b27c9fbfeb6cde815b6b8e6010e0f8e46030ad6f079382ea6b635a0b6223b,84,0x88e6a0c2ddd26feeb64f039a2c41296fcb3f5640,0xa0b86991c6218b36c1d19d4a2e9eb0ce3606eb48,0xc02aaa39b223fe8d0a0e5c4f27ead9083c756cc2,6,18,0x0906a879ea0f66e3559f11b25b866dba247f9e63,0x0906a879ea0f66e3559f11b25b866dba247f9e63,zero_for_one,203923794,0,0,94054647406058473,203923794,-94054647406058473,1701940136617878587986510675276695,1701940136617878587986510675276695,11474326427961943438,199508,199508
1773908015,24690263,0x6ea2c43b4114f6b592876b5e488e1b981af0857023e63b6369bcc4351de64b66,49,0x88e6a0c2ddd26feeb64f039a2c41296fcb3f5640,0xa0b86991c6218b36c1d19d4a2e9eb0ce3606eb48,0xc02aaa39b223fe8d0a0e5c4f27ead9083c756cc2,6,18,0x0c370ea6bc17c7010ba44f004a39f83ef897e4bb,0x0c370ea6bc17c7010ba44f004a39f83ef897e4bb,one_for_zero,0,13587510453652818398,29428584194,0,-29428584194,13587510453652818398,1702033904359356106219104624576001,1702033904359356106219104624576001,11496375730043508596,199510,199510
1773908015,24690263,0xa396410d01dfb47212d765bcd81b17e28f132ff1cd2526acc0910b9da9e66f16,152,0x88e6a0c2ddd26feeb64f039a2c41296fcb3f5640,0xa0b86991c6218b36c1d19d4a2e9eb0ce3606eb48,0xc02aaa39b223fe8d0a0e5c4f27ead9083c756cc2,6,18,0x3fc91a3afd70395cd496c647d5a6cc9d4b2b7fad,0x3fc91a3afd70395cd496c647d5a6cc9d4b2b7fad,one_for_zero,0,4848236038993120,10500000,0,-10500000,4848236038993120,1702033937754643751972189984900328,1702033937754643751972189984900328,11496375730043508596,199510,199510
1773908027,24690264,0x7e442349da6fae2a99e6333899386c6e1e0c6203190454c09417b3c33e6082e0,77,0x88e6a0c2ddd26feeb64f039a2c41296fcb3f5640,0xa0b86991c6218b36c1d19d4a2e9eb0ce3606eb48,0xc02aaa39b223fe8d0a0e5c4f27ead9083c756cc2,6,18,0xf48a3f7c0575c85cf4529aa220caf3c055773f1c,0xf48a3f7c0575c85cf4529aa220caf3c055773f1c,one_for_zero,0,7631775455563005617,16527901107,0,-16527901107,7631775455563005617,1702086506427979065753778003130249,1702086506427979065753778003130249,11496375730043508596,199510,199510
1773908063,24690267,0x377b192b11736bc70f8983054bcd5505ea6762e57bcb87b7b28f0904d2258c53,173,0x88e6a0c2ddd26feeb64f039a2c41296fcb3f5640,0xa0b86991c6218b36c1d19d4a2e9eb0ce3606eb48,0xc02aaa39b223fe8d0a0e5c4f27ead9083c756cc2,6,18,0x6a000f20005980200259b80c5102003040001068,0x6a000f20005980200259b80c5102003040001068,one_for_zero,0,1200595606327431383,2600000000,0,-2600000000,1200595606327431383,1702094776288459674423135055126929,1702094776288459674423135055126929,11496375730043508596,199510,199510
1773908087,24690269,0x7ee0e76358ea96bccf2482d1a879b2e12eaf3ea0847df1cf703f394a390738b2,951,0x88e6a0c2ddd26feeb64f039a2c41296fcb3f5640,0xa0b86991c6218b36c1d19d4a2e9eb0ce3606eb48,0xc02aaa39b223fe8d0a0e5c4f27ead9083c756cc2,6,18,0x91e57609791e2e3b656b605e5bb114ceb46ce552,0x91e57609791e2e3b656b605e5bb114ceb46ce552,zero_for_one,2360705304,0,0,1089007747662251759,2360705304,-1089007747662251759,1702087271307338919828546241305361,1702087271307338919828546241305361,11496375730043508596,199510,199510
1773908087,24690269,0x7ee0e76358ea96bccf2482d1a879b2e12eaf3ea0847df1cf703f394a390738b2,1018,0x88e6a0c2ddd26feeb64f039a2c41296fcb3f5640,0xa0b86991c6218b36c1d19d4a2e9eb0ce3606eb48,0xc02aaa39b223fe8d0a0e5c4f27ead9083c756cc2,6,18,0x91e57609791e2e3b656b605e5bb114ceb46ce552,0x91e57609791e2e3b656b605e5bb114ceb46ce552,zero_for_one,156590676,0,0,72235893489454776,156590676,-72235893489454776,1702086773488091955815753777476056,1702086773488091955815753777476056,11496375730043508596,199510,199510
1773908123,24690272,0x6270ea0fba1a29edc1816609b3677aa4895ff05609d1b07cdaefc3da60ff6849,5,0x88e6a0c2ddd26feeb64f039a2c41296fcb3f5640,0xa0b86991c6218b36c1d19d4a2e9eb0ce3606eb48,0xc02aaa39b223fe8d0a0e5c4f27ead9083c756cc2,6,18,0x7cda585e917fecb3a33c6d5a8f8a15dd956694dc,0x01989c93890aed05a63d179b03424997075b6acf,zero_for_one,25013299814,0,0,11538190927939108012,25013299814,-11538190927939108012,1702007219515562306654654975351396,1702007219515562306654654975351396,11478537090723188163,199509,199509
1773908135,24690273,0xe15101a3d185c1b853d55151cd8fe7081bd4677a4a931a7bfa73c608c1ab2c4a,65,0x88e6a0c2ddd26feeb64f039a2c41296fcb3f5640,0xa0b86991c6218b36c1d19d4a2e9eb0ce3606eb48,0xc02aaa39b223fe8d0a0e5c4f27ead9083c756cc2,6,18,0x0906a879ea0f66e3559f11b25b866dba247f9e63,0x0906a879ea0f66e3559f11b25b866dba247f9e63,zero_for_one,70341897,0,0,32445946345694224,70341897,-32445946345694224,1702006995564314017069328199301325,1702006995564314017069328199301325,11478537090723188163,199509,199509
1773908147,24690274,0x251b08de890b3192fe6b89612398c5482aa1b05e689a1a9a858c7b52ccbe2f4f,127,0x88e6a0c2ddd26feeb64f039a2c41296fcb3f5640,0xa0b86991c6218b36c1d19d4a2e9eb0ce3606eb48,0xc02aaa39b223fe8d0a0e5c4f27ead9083c756cc2,6,18,0x66a9893cc07d91d95644aedd05d03f95e1dba8af,0x66a9893cc07d91d95644aedd05d03f95e1dba8af,zero_for_one,997106769,0,0,459925158265205825,997106769,-459925158265205825,1702003819863726082276678692301227,1702003819863726082276678692301227,11474326427961943438,199509,199509
1773908147,24690274,0x9ed600914de7ce2a01c9c02d185363a9ac9e89db87593126474dac3d0ab23877,228,0x88e6a0c2ddd26feeb64f039a2c41296fcb3f5640,0xa0b86991c6218b36c1d19d4a2e9eb0ce3606eb48,0xc02aaa39b223fe8d0a0e5c4f27ead9083c756cc2,6,18,0x3fc91a3afd70395cd496c647d5a6cc9d4b2b7fad,0x3fc91a3afd70395cd496c647d5a6cc9d4b2b7fad,one_for_zero,0,11543011383795698,25000000,0,-25000000,11543011383795698,1702003899526294666776665707261936,1702003899526294666776665707261936,11474326427961943438,199509,199509
1773908159,24690275,0x7fad9631e3a099d51f1c9483fed70144f247f3e906ce39b68ec8491c4d3b5173,5,0x88e6a0c2ddd26feeb64f039a2c41296fcb3f5640,0xa0b86991c6218b36c1d19d4a2e9eb0ce3606eb48,0xc02aaa39b223fe8d0a0e5c4f27ead9083c756cc2,6,18,0x7cda585e917fecb3a33c6d5a8f8a15dd956694dc,0x01989c93890aed05a63d179b03424997075b6acf,zero_for_one,20005502569,0,0,9227370226170787003,20005502569,-9227370226170787003,1701940206949131203487447959913933,1701940206949131203487447959913933,11478065740409605497,199508,199508
1773908159,24690275,0x9a806fe3a79964ad607b4110e2a7aa4d8f72962171e095ad22cbc32a81ac1d98,71,0x88e6a0c2ddd26feeb64f039a2c41296fcb3f5640,0xa0b86991c6218b36c1d19d4a2e9eb0ce3606eb48,0xc02aaa39b223fe8d0a0e5c4f27ead9083c756cc2,6,18,0x8a6df6c629cf940b0cc4a32101caa4a022e80234,0x8a6df6c629cf940b0cc4a32101caa4a022e80234,zero_for_one,5023978,0,0,2317180960618631,5023978,-2317180960618631,1701940190954625345543072708539587,1701940190954625345543072708539587,11478065740409605497,199508,199508
1773908159,24690275,0xfc3270c81d9e2881aacd8a9ea79964568caa5f9ed858c1e0eebee949481e613e,105,0x88e6a0c2ddd26feeb64f039a2c41296fcb3f5640,0xa0b86991c6218b36c1d19d4a2e9eb0ce3606eb48,0xc02aaa39b223fe8d0a0e5c4f27ead9083c756cc2,6,18,0x3fc91a3afd70395cd496c647d5a6cc9d4b2b7fad,0x3fc91a3afd70395cd496c647d5a6cc9d4b2b7fad,one_for_zero,0,48477030267618342,105000000,0,-105000000,48477030267618342,1701940525403455493004759319029898,1701940525403455493004759319029898,11478065740409605497,199508,199508
1773908171,24690276,0x29ddd1b959a43d3e164da62ac2d958c723c879c38c98237ef44199df237bbdbf,165,0x88e6a0c2ddd26feeb64f039a2c41296fcb3f5640,0xa0b86991c6218b36c1d19d4a2e9eb0ce3606eb48,0xc02aaa39b223fe8d0a0e5c4f27ead9083c756cc2,6,18,0xe592427a0aece92de3edee1f18e0157c05861564,0x0000830df56616d58976a12d19d283b40e25beef,one_for_zero,0,156686576479451638,339378809,0,-339378809,156686576479451638,1701941606738685012541113568958670,1701941606738685012541113568958670,11474501349464240054,199508,199508
1773908183,24690277,0x2b34f8685ada5fcb53017e4d2dfd2747d64c72ac71aaeb4843c6786cd8728a7f,6,0x88e6a0c2ddd26feeb64f039a2c41296fcb3f5640,0xa0b86991c6218b36c1d19d4a2e9eb0ce3606eb48,0xc02aaa39b223fe8d0a0e5c4f27ead9083c756cc2,6,18,0x51c72848c68a965f66fa7a88855f9f7784502a7f,0x51c72848c68a965f66fa7a88855f9f7784502a7f,one_for_zero,0,43525788186000449536,94258981038,0,-94258981038,43525788186000449536,1702241556302056989419410804018299,1702241556302056989419410804018299,11496550651545805212,199512,199512
1773908183,24690277,0x10c581d7dc4e12d1071a534538b32000a8edd218415f368760fbe4de99e5402b,303,0x88e6a0c2ddd26feeb64f039a2c41296fcb3f5640,0xa0b86991c6218b36c1d19d4a2e9eb0ce3606eb48,0xc02aaa39b223fe8d0a0e5c4f27ead9083c756cc2,6,18,0x92eae2d4f34f17eb32bf390af5019a37d375418e,0x92eae2d4f34f17eb32bf390af5019a37d375418e,one_for_zero,0,455237601101588105,985682202,0,-985682202,455237601101588105,1702244691990831475178742487330595,1702244691990831475178742487330595,11496550651545805212,199512,199512
1773908195,24690278,0xaf07f2a5f8c038a0427900cc9b1b74324936bd7d4cbab9c97c1de4df000cafb1,128,0x88e6a0c2ddd26feeb64f039a2c41296fcb3f5640,0xa0b86991c6218b36c1d19d4a2e9eb0ce3606eb48,0xc02aaa39b223fe8d0a0e5c4f27ead9083c756cc2,6,18,0x3fc91a3afd70395cd496c647d5a6cc9d4b2b7fad,0x3fc91a3afd70395cd496c647d5a6cc9d4b2b7fad,one_for_zero,0,8230187425068400,17820000,0,-17820000,8230187425068400,1702244748680582625461755689466522,1702244748680582625461755689466522,11496550651545805212,199512,199512
1773908219,24690280,0xf0a42cfc6354d55f5b24d59771760eb2488efd51b4414849023d9560cbdce10f,2,0x88e6a0c2ddd26feeb64f039a2c41296fcb3f5640,0xa0b86991c6218b36c1d19d4a2e9eb0ce3606eb48,0xc02aaa39b223fe8d0a0e5c4f27ead9083c756cc2,6,18,0xbdb3ba9ffe392549e1f8658dd2630c141fdf47b6,0xbdb3ba9ffe392549e1f8658dd2630c141fdf47b6,one_for_zero,0,22028941208452136468,47692805787,0,-47692805787,22028941208452136468,1702396484616924438219674615168436,1702396484616924438219674615168436,11496550651545805212,199514,199514
1773908243,24690282,0xb3a01db19fed054514287b144744ad67cb43310a4bd5151e04c30b6deccb8f1b,39,0x88e6a0c2ddd26feeb64f039a2c41296fcb3f5640,0xa0b86991c6218b36c1d19d4a2e9eb0ce3606eb48,0xc02aaa39b223fe8d0a0e5c4f27ead9083c756cc2,6,18,0x7cda585e917fecb3a33c6d5a8f8a15dd956694dc,0x01989c93890aed05a63d179b03424997075b6acf,zero_for_one,16005560217,0,0,7385892004075718540,16005560217,-7385892004075718540,1702345584945383997907672672487419,1702345584945383997907672672487419,11496550651545805212,199513,199513
1773908279,24690285,0xdf7f98f9723194a2b093fdff4682dcaefdfecfa082df8d0ddbde6736fd9df5a9,9,0x88e6a0c2ddd26feeb64f039a2c41296fcb3f5640,0xa0b86991c6218b36c1d19d4a2e9eb0ce3606eb48,0xc02aaa39b223fe8d0a0e5c4f27ead9083c756cc2,6,18,0x51c72848c68a965f66fa7a88855f9f7784502a7f,0x51c72848c68a965f66fa7a88855f9f7784502a7f,zero_for_one,105361946075,0,0,48609080112065141071,105361946075,-48609080112065141071,1702010564360966956388677076435410,1702010564360966956388677076435410,11478712313255904011,199509,199509
1773908291,24690286,0x2f7f5915b729470c5b71df04214b4f5a7c06349e55cc7acacc423b3e8a9176d9,7,0x88e6a0c2ddd26feeb64f039a2c41296fcb3f5640,0xa0b86991c6218b36c1d19d4a2e9eb0ce3606eb48,0xc02aaa39b223fe8d0a0e5c4f27ead9083c756cc2,6,18,0x15893515f06036b37775cef10477fb4b85be3ee6,0x15893515f06036b37775cef10477fb4b85be3ee6,zero_for_one,79559511011,0,0,36692357109401428031,79559511011,-36692357109401428031,1701757307030984226189020145647616,1701757307030984226189020145647616,11478712313255904011,199506,199506
1773908303,24690287,0xf65b40797b7b950a87fee2451fd9d9f803c475910dd92d4bb5042cd8f4449ead,166,0x88e6a0c2ddd26feeb64f039a2c41296fcb3f5640,0xa0b86991c6218b36c1d19d4a2e9eb0ce3606eb48,0xc02aaa39b223fe8d0a0e5c4f27ead9083c756cc2,6,18,0xf9ae60c0cb90cb6869bcd8bde2f18528b26b5d6d,0xf9ae60c0cb90cb6869bcd8bde2f18528b26b5d6d,one_for_zero,0,69851218330974465985,151285651783,0,-151285651783,69851218330974465985,1702238969920687000952421578769096,1702238969920687000952421578769096,11496550651545805212,199512,199512
1773908303,24690287,0x178f0304a77df757c86607a3b420a024baaa110b781f81b82b62dba11cb5c59c,472,0x88e6a0c2ddd26feeb64f039a2c41296fcb3f5640,0xa0b86991c6218b36c1d19d4a2e9eb0ce3606eb48,0xc02aaa39b223fe8d0a0e5c4f27ead9083c756cc2,6,18,0x51c72848c68a965f66fa7a88855f9f7784502a7f,0x51c72848c68a965f66fa7a88855f9f7784502a7f,zero_for_one,7728465958,0,0,3565756785185416727,7728465958,-3565756785185416727,1702214396605905403796614100505649,1702214396605905403796614100505649,11496550651545805212,199512,199512
1773908315,24690288,0xa2ddaafa002c8a631894abdae5c041cf859381d69ba7fd18626468f8c38a3633,2,0x88e6a0c2ddd26feeb64f039a2c41296fcb3f5640,0xa0b86991c6218b36c1d19d4a2e9eb0ce3606eb48,0xc02aaa39b223fe8d0a0e5c4f27ead9083c756cc2,6,18,0x7cda585e917fecb3a33c6d5a8f8a15dd956694dc,0x01989c93890aed05a63d179b03424997075b6acf,zero_for_one,36004933205,0,0,16610585937662841166,36004933205,-16610585937662841166,1702099925209917655508389143945734,1702099925209917655508389143945734,11496550651545805212,199510,199510
1773908339,24690290,0x6657d8e06a2685cace04bd0e5a33cb976b7759ea35b63c0abf53f375df2a2e1c,236,0x88e6a0c2ddd26feeb64f039a2c41296fcb3f5640,0xa0b86991c6218b36c1d19d4a2e9eb0ce3606eb48,0xc02aaa39b223fe8d0a0e5c4f27ead9083c756cc2,6,18,0x66a9893cc07d91d95644aedd05d03f95e1dba8af,0x5ae13baaef0620fdae1d355495dc51a17adb4082,one_for_zero,0,2177514009296528,4715555,0,-4715555,2177514009296528,1702099940208692402396888669933254,1702099940208692402396888669933254,11496550651545805212,199510,199510
1773908339,24690290,0xcbd449bce0337d249bb3bc4cf6d371b8faae9ed7f424d9f566d5b5f4b7f69f02,261,0x88e6a0c2ddd26feeb64f039a2c41296fcb3f5640,0xa0b86991c6218b36c1d19d4a2e9eb0ce3606eb48,0xc02aaa39b223fe8d0a0e5c4f27ead9083c756cc2,6,18,0x68b3465833fb72a70ecdf485e0e4c7bd8665fc45,0xad6cea45f98444a922a2b4fe96b8c90f0862d2f4,zero_for_one,6220656,0,0,2869656256215864,6220656,-2869656256215864,1702099920432535264605666686340362,1702099920432535264605666686340362,11496550651545805212,199510,199510
1773908339,24690290,0x9f1b87ec294d7c588f8457169bae19d2f19b97dabbb25e0cc42d22afd549d0ed,535,0x88e6a0c2ddd26feeb64f039a2c41296fcb3f5640,0xa0b86991c6218b36c1d19d4a2e9eb0ce3606eb48,0xc02aaa39b223fe8d0a0e5c4f27ead9083c756cc2,6,18,0x66a9893cc07d91d95644aedd05d03f95e1dba8af,0x66a9893cc07d91d95644aedd05d03f95e1dba8af,one_for_zero,0,1199857333492372122,2598360256,0,-2598360256,1199857333492372122,1702108184020618268821252919087653,1702108184020618268821252919087653,11498027202175962732,199510,199510
1773908387,24690294,0xf50118aa5897cd00d287f8a0655a963c9e15201b39699ddedeea97b928c303a5,5,0x88e6a0c2ddd26feeb64f039a2c41296fcb3f5640,0xa0b86991c6218b36c1d19d4a2e9eb0ce3606eb48,0xc02aaa39b223fe8d0a0e5c4f27ead9083c756cc2,6,18,0x51c72848c68a965f66fa7a88855f9f7784502a7f,0x51c72848c68a965f66fa7a88855f9f7784502a7f,one_for_zero,0,12444110852088006656,26946952097,0,-26946952097,12444110852088006656,1702193888381687252219000678090687,1702193888381687252219000678090687,11498027202175962732,199511,199511
1773908411,24690296,0xe048c3754710640e179161cc9eea49d2d352c5d5993f9496a06436e0ed87a3f2,12,0x88e6a0c2ddd26feeb64f039a2c41296fcb3f5640,0xa0b86991c6218b36c1d19d4a2e9eb0ce3606eb48,0xc02aaa39b223fe8d0a0e5c4f27ead9083c756cc2,6,18,0xbdb3ba9ffe392549e1f8658dd2630c141fdf47b6,0xbdb3ba9ffe392549e1f8658dd2630c141fdf47b6,zero_for_one,94249278685,0,0,43475365372677448632,94249278685,-43475365372677448632,1701894015462005188764864179479882,1701894015462005188764864179479882,11474501349464240054,199508,199508
1773908423,24690297,0xc73e8d6c4a95f4d0a8438656202986eb8a89c81c3c0c43fb018addd4f47d16ec,71,0x88e6a0c2ddd26feeb64f039a2c41296fcb3f5640,0xa0b86991c6218b36c1d19d4a2e9eb0ce3606eb48,0xc02aaa39b223fe8d0a0e5c4f27ead9083c756cc2,6,18,0xbdb3ba9ffe392549e1f8658dd2630c141fdf47b6,0xbdb3ba9ffe392549e1f8658dd2630c141fdf47b6,zero_for_one,36998845732,0,0,17062661057308602099,36998845732,-17062661057308602099,1701776202648881298663643074680304,1701776202648881298663643074680304,11474501349464240054,199507,199507
1773908423,24690297,0xfb512f6476342e4792a7d50f0cb43ae6ac8e59ff832bd34bce71be1f348d3724,630,0x88e6a0c2ddd26feeb64f039a2c41296fcb3f5640,0xa0b86991c6218b36c1d19d4a2e9eb0ce3606eb48,0xc02aaa39b223fe8d0a0e5c4f27ead9083c756cc2,6,18,0xe592427a0aece92de3edee1f18e0157c05861564,0xe592427a0aece92de3edee1f18e0157c05861564,zero_for_one,263125636,0,0,121336502489605487,263125636,-121336502489605487,1701775364854902686446265940264403,1701775364854902686446265940264403,11474501349464240054,199506,199506
1773908423,24690297,0xfb512f6476342e4792a7d50f0cb43ae6ac8e59ff832bd34bce71be1f348d3724,642,0x88e6a0c2ddd26feeb64f039a2c41296fcb3f5640,0xa0b86991c6218b36c1d19d4a2e9eb0ce3606eb48,0xc02aaa39b223fe8d0a0e5c4f27ead9083c756cc2,6,18,0xe592427a0aece92de3edee1f18e0157c05861564,0xe592427a0aece92de3edee1f18e0157c05861564,zero_for_one,236584015,0,0,109097123419191721,236584015,-109097123419191721,1701774611570349323431913931956728,1701774611570349323431913931956728,11474501349464240054,199506,199506
1773908447,24690299,0x4005cdd5198cb2bbf9e1048b86f7d20547ab38dad6effd85afd977a8d5bdb93a,10,0x88e6a0c2ddd26feeb64f039a2c41296fcb3f5640,0xa0b86991c6218b36c1d19d4a2e9eb0ce3606eb48,0xc02aaa39b223fe8d0a0e5c4f27ead9083c756cc2,6,18,0x51c72848c68a965f66fa7a88855f9f7784502a7f,0x51c72848c68a965f66fa7a88855f9f7784502a7f,zero_for_one,42939363097,0,0,19799235456664244925,42939363097,-19799235456664244925,1701637903490700004100321813501952,1701637903490700004100321813501952,11474501349464240054,199505,199505
1773908471,24690301,0xaa15d6ab7c3ba741b8a0359be7665d59f1b096f58d0d9a58d76d9c6428334b90,2,0x88e6a0c2ddd26feeb64f039a2c41296fcb3f5640,0xa0b86991c6218b36c1d19d4a2e9eb0ce3606eb48,0xc02aaa39b223fe8d0a0e5c4f27ead9083c756cc2,6,18,0xbdb3ba9ffe392549e1f8658dd2630c141fdf47b6,0xbdb3ba9ffe392549e1f8658dd2630c141fdf47b6,zero_for_one,35829882541,0,0,16518636876820682991,35829882541,-16518636876820682991,1701523847009539541657863739687550,1701523847009539541657863739687550,11474501349464240054,199504,199504
1773908471,24690301,0x5c6dd92169f4c8e37ff11228b3b953bad4ab57d029a2b4159a38aff1bf5e023c,6,0x88e6a0c2ddd26feeb64f039a2c41296fcb3f5640,0xa0b86991c6218b36c1d19d4a2e9eb0ce3606eb48,0xc02aaa39b223fe8d0a0e5c4f27ead9083c756cc2,6,18,0x66a9893cc07d91d95644aedd05d03f95e1dba8af,0x74de5d4fcbf63e00296fd95d33236b9794016631,one_for_zero,0,26879349434891303,58248479,0,-58248479,26879349434891303,1701524032510991826728101261054052,1701524032510991826728101261054052,11474501349464240054,199504,199504
1773908507,24690304,0xf446a73fc8f904abb839bce045a060b0f0c17bc5c414f7b22a467a950b484958,624,0x88e6a0c2ddd26feeb64f039a2c41296fcb3f5640,0xa0b86991c6218b36c1d19d4a2e9eb0ce3606eb48,0xc02aaa39b223fe8d0a0e5c4f27ead9083c756cc2,6,18,0xbdb3ba9ffe392549e1f8658dd2630c141fdf47b6,0xbdb3ba9ffe392549e1f8658dd2630c141fdf47b6,zero_for_one,3911547228,0,0,1803205431551182018,3911547228,-1803205431551182018,1701511584063608194593253991596406,1701511584063608194593253991596406,11476503741774823481,199503,199503
1773908519,24690305,0x527ee99a7cd72bf185d9c2f64179f82b97d24cbab4030b73dbdfbaffb33dd8ca,129,0x88e6a0c2ddd26feeb64f039a2c41296fcb3f5640,0xa0b86991c6218b36c1d19d4a2e9eb0ce3606eb48,0xc02aaa39b223fe8d0a0e5c4f27ead9083c756cc2,6,18,0x0000000000007a8d56014359bf3e98f18b7773f9,0x0000000000007a8d56014359bf3e98f18b7773f9,zero_for_one,3009384,0,0,1387301984796672,3009384,-1387301984796672,1701511574486354565707644626867120,1701511574486354565707644626867120,11476503741774823481,199503,199503
1773908555,24690308,0xfd04e13acbcb386d25bd1c1da820be9adb52b0877c59673d862558ba558e8904,105,0x88e6a0c2ddd26feeb64f039a2c41296fcb3f5640,0xa0b86991c6218b36c1d19d4a2e9eb0ce3606eb48,0xc02aaa39b223fe8d0a0e5c4f27ead9083c756cc2,6,18,0x15893515f06036b37775cef10477fb4b85be3ee6,0x15893515f06036b37775cef10477fb4b85be3ee6,one_for_zero,0,25881173667661372916,56080327169,0,-56080327169,25881173667661372916,1701690156101504871275875725737984,1701690156101504871275875725737984,11476503741774823481,199505,199505
1773908579,24690310,0x1b5e0f19b50d60711ec523614dccd71528895461c1677db0bb2c4d0b864e5911,2,0x88e6a0c2ddd26feeb64f039a2c41296fcb3f5640,0xa0b86991c6218b36c1d19d4a2e9eb0ce3606eb48,0xc02aaa39b223fe8d0a0e5c4f27ead9083c756cc2,6,18,0x5050e08626c499411b5d0e0b5af0e83d3fd82edf,0x5050e08626c499411b5d0e0b5af0e83d3fd82edf,one_for_zero,0,13446771487728331469,29132337611,0,-29132337611,13446771487728331469,1701782955804323615002384519340394,1701782955804323615002384519340394,11474501349464240054,199507,199507
1773908579,24690310,0x2ad106128cd85b77898b28c603e158bc3ec3eaa60dd24817c24bdffadbbe9022,38,0x88e6a0c2ddd26feeb64f039a2c41296fcb3f5640,0xa0b86991c6218b36c1d19d4a2e9eb0ce3606eb48,0xc02aaa39b223fe8d0a0e5c4f27ead9083c756cc2,6,18,0x66a9893cc07d91d95644aedd05d03f95e1dba8af,0x66a9893cc07d91d95644aedd05d03f95e1dba8af,zero_for_one,1090148726,0,0,502709202977190039,1090148726,-502709202977190039,1701779484740508475639752333847398,1701779484740508475639752333847398,11474501349464240054,199507,199507
1773908579,24690310,0x64166f8a91b9efda7a45573c262f7c69d73dd6a6be7d0d0ea18f5f4b43082d38,464,0x88e6a0c2ddd26feeb64f039a2c41296fcb3f5640,0xa0b86991c6218b36c1d19d4a2e9eb0ce3606eb48,0xc02aaa39b223fe8d0a0e5c4f27ead9083c756cc2,6,18,0x00000000009e50a7ddb7a7b0e2ee6604fd120e49,0xe0554a476a092703abdb3ef35c80e0d76d32939f,one_for_zero,0,523999998820483072,1135182693,0,-1135182693,523999998820483072,1701783101002167412913778314931592,1701783101002167412913778314931592,11474501349464240054,199507,199507
1773908591,24690311,0x0342b74af924bdb24a154eeee5198c4be2212487354d507efa67dec069b7029c,46,0x88e6a0c2ddd26feeb64f039a2c41296fcb3f5640,0xa0b86991c6218b36c1d19d4a2e9eb0ce3606eb48,0xc02aaa39b223fe8d0a0e5c4f27ead9083c756cc2,6,18,0x000000e432a664bacccf29e3e7c89218bdb2be81,0x4622df6fb2d9bee0dcdacf545acdb6a2b2f4f863,one_for_zero,0,44240603525521479,95841702,0,-95841702,44240603525521479,1701783406318195385650302757046320,1701783406318195385650302757046320,11474501349464240054,199507,199507
1773908627,24690314,0x0e096f1ab91d853ac39cec5eaf32d0d3f24f71747fd8e96f16005dac0a6c10b7,48,0x88e6a0c2ddd26feeb64f039a2c41296fcb3f5640,0xa0b86991c6218b36c1d19d4a2e9eb0ce3606eb48,0xc02aaa39b223fe8d0a0e5c4f27ead9083c756cc2,6,18,0xbdb3ba9ffe392549e1f8658dd2630c141fdf47b6,0xbdb3ba9ffe392549e1f8658dd2630c141fdf47b6,one_for_zero,0,9447637330035933807,20466330135,0,-20466330135,9447637330035933807,1701848591293131993799724966607419,1701848591293131993799724966607419,11477256637969132641,199507,199507
1773908639,24690315,0x214932d33698706aba3e82a50a0419b8099c14d28d7c7c30793319079c3342f8,10,0x88e6a0c2ddd26feeb64f039a2c41296fcb3f5640,0xa0b86991c6218b36c1d19d4a2e9eb0ce3606eb48,0xc02aaa39b223fe8d0a0e5c4f27ead9083c756cc2,6,18,0x51c72848c68a965f66fa7a88855f9f7784502a7f,0x51c72848c68a965f66fa7a88855f9f7784502a7f,one_for_zero,0,77960735056457842688,168825828392,0,-168825828392,77960735056457842688,1702385937676355214856946943307585,1702385937676355214856946943307585,11496550651545805212,199514,199514
1773908639,24690315,0x876b38493e93e6c9fcaa6879f547a0dd72e4392ad3816d03015602ef461a4145,124,0x88e6a0c2ddd26feeb64f039a2c41296fcb3f5640,0xa0b86991c6218b36c1d19d4a2e9eb0ce3606eb48,0xc02aaa39b223fe8d0a0e5c4f27ead9083c756cc2,6,18,0x1111111254eeb25477b68fb85ed929f73a960582,0x663dc15d3c1ac63ff12e45ab68fea3f0a883c251,one_for_zero,0,520000000000000000,1125714731,0,-1125714731,520000000000000000,1702389519450265777067364527632848,1702389519450265777067364527632848,11496550651545805212,199514,199514
1773908651,24690316,0xc7e3ec404fd0464e5dc5f453b934cd889e28e0d1890d442c778a0454c982e677,2,0x88e6a0c2ddd26feeb64f039a2c41296fcb3f5640,0xa0b86991c6218b36c1d19d4a2e9eb0ce3606eb48,0xc02aaa39b223fe8d0a0e5c4f27ead9083c756cc2,6,18,0x5050e08626c499411b5d0e0b5af0e83d3fd82edf,0x5050e08626c499411b5d0e0b5af0e83d3fd82edf,one_for_zero,0,75344163311230980694,163057707551,0,-163057707551,75344163311230980694,1702908490765440418654124528148019,1702908490765440418654124528148019,11497128053342980030,199520,199520
1773908663,24690317,0x0563d3bcc9e04c62f58725f29a1957967865e464371c6ace3a760fcdd093ed74,12,0x88e6a0c2ddd26feeb64f039a2c41296fcb3f5640,0xa0b86991c6218b36c1d19d4a2e9eb0ce3606eb48,0xc02aaa39b223fe8d0a0e5c4f27ead9083c756cc2,6,18,0x0c370ea6bc17c7010ba44f004a39f83ef897e4bb,0x0c370ea6bc17c7010ba44f004a39f83ef897e4bb,one_for_zero,0,64971359596685019255,140529398441,0,-140529398441,64971359596685019255,1703355992753094146571995388895795,1703355992753094146571995388895795,11497128053342980030,199525,199525
1773908687,24690319,0xaf021168743a400a38f2742e620e3f2fffd1ea9f593fc34fc43d5d045a9e4329,7,0x88e6a0c2ddd26feeb64f039a2c41296fcb3f5640,0xa0b86991c6218b36c1d19d4a2e9eb0ce3606eb48,0xc02aaa39b223fe8d0a0e5c4f27ead9083c756cc2,6,18,0x51c72848c68a965f66fa7a88855f9f7784502a7f,0x51c72848c68a965f66fa7a88855f9f7784502a7f,zero_for_one,251603807648,0,0,116184315168538400743,251603807648,-116184315168538400743,1702555339344362086915686227444410,1702555339344362086915686227444410,11496605648623113034,199516,199516
1773908699,24690320,0x04bf9cd1870a8abe64ff031dd9d5f9515344e0e5a0f6462e3a715d203a06a8e8,20,0x88e6a0c2ddd26feeb64f039a2c41296fcb3f5640,0xa0b86991c6218b36c1d19d4a2e9eb0ce3606eb48,0xc02aaa39b223fe8d0a0e5c4f27ead9083c756cc2,6,18,0x51c72848c68a965f66fa7a88855f9f7784502a7f,0x51c72848c68a965f66fa7a88855f9f7784502a7f,zero_for_one,31761198623,0,0,14658759490670860038,31761198623,-14658759490670860038,1702454319389892005680374403730168,1702454319389892005680374403730168,11496605648623113034,199514,199514
1773908699,24690320,0x628801014c36c26617c692a865043e945fb76ce3f7bb8a7337dea8dc0b5fbe7b,179,0x88e6a0c2ddd26feeb64f039a2c41296fcb3f5640,0xa0b86991c6218b36c1d19d4a2e9eb0ce3606eb48,0xc02aaa39b223fe8d0a0e5c4f27ead9083c756cc2,6,18,0x66a9893cc07d91d95644aedd05d03f95e1dba8af,0x3416cf6c708da44db2624d63ea0aaef7113527c6,one_for_zero,0,23516620597854201,50905640,0,-50905640,23516620597854201,1702454481372228889338161641114842,1702454481372228889338161641114842,11496605648623113034,199514,199514
1773908711,24690321,0xd44aec31c73e396a67f55ad39b934e8e6065c2cb573434ad9931ebe344c30ad0,532,0x88e6a0c2ddd26feeb64f039a2c41296fcb3f5640,0xa0b86991c6218b36c1d19d4a2e9eb0ce3606eb48,0xc02aaa39b223fe8d0a0e5c4f27ead9083c756cc2,6,18,0x68b3465833fb72a70ecdf485e0e4c7bd8665fc45,0xad6cea45f98444a922a2b4fe96b8c90f0862d2f4,zero_for_one,502093775,0,0,231717630301898428,502093775,-231717630301898428,1702452884504193916099076382221400,1702452884504193916099076382221400,11496605648623113034,199514,199514
1773908711,24690321,0xdd35f2323e415c2a52b680faf3f802b106d84145733a1c1b950ce293cc7eb84b,927,0x88e6a0c2ddd26feeb64f039a2c41296fcb3f5640,0xa0b86991c6218b36c1d19d4a2e9eb0ce3606eb48,0xc02aaa39b223fe8d0a0e5c4f27ead9083c756cc2,6,18,0xe592427a0aece92de3edee1f18e0157c05861564,0x0000830df56616d58976a12d19d283b40e25beef,zero_for_one,70676961,0,0,32617572841587547,70676961,-32617572841587547,1702452659722163384882893631221545,1702452659722163384882893631221545,11496605648623113034,199514,199514
1773908711,24690321,0xdd35f2323e415c2a52b680faf3f802b106d84145733a1c1b950ce293cc7eb84b,947,0x88e6a0c2ddd26feeb64f039a2c41296fcb3f5640,0xa0b86991c6218b36c1d19d4a2e9eb0ce3606eb48,0xc02aaa39b223fe8d0a0e5c4f27ead9083c756cc2,6,18,0xe592427a0aece92de3edee1f18e0157c05861564,0x0000830df56616d58976a12d19d283b40e25beef,one_for_zero,0,29518903421636733,63898703,0,-63898703,29518903421636733,1702452863048187146818178357195184,1702452863048187146818178357195184,11496605648623113034,199514,199514
1773908723,24690322,0x82cb1f93251d3fd86d32bb5929734a8cc60a940fa5a43255bc2c6adb8ab5c19b,809,0x88e6a0c2ddd26feeb64f039a2c41296fcb3f5640,0xa0b86991c6218b36c1d19d4a2e9eb0ce3606eb48,0xc02aaa39b223fe8d0a0e5c4f27ead9083c756cc2,6,18,0x3fc91a3afd70395cd496c647d5a6cc9d4b2b7fad,0x3fc91a3afd70395cd496c647d5a6cc9d4b2b7fad,one_for_zero,0,1455186921022767,3150000,0,-3150000,1455186921022767,1702452873071505637201543673694067,1702452873071505637201543673694067,11496605648623113034,199514,199514
1773908735,24690323,0xd6f8ff96e82476dec7239b7baba7b56536f8a268a18046aef0370b83e74a2ddb,2,0x88e6a0c2ddd26feeb64f039a2c41296fcb3f5640,0xa0b86991c6218b36c1d19d4a2e9eb0ce3606eb48,0xc02aaa39b223fe8d0a0e5c4f27ead9083c756cc2,6,18,0x7cda585e917fecb3a33c6d5a8f8a15dd956694dc,0x01989c93890aed05a63d179b03424997075b6acf,one_for_zero,0,23106171124211143000,50012568066,0,-50012568066,23106171124211143000,1702612028234959476754285277646498,1702612028234959476754285277646498,11496605648623113034,199516,199516
1773908735,24690323,0xe3c1ba73054fde565950f03685b96b823ff1521c39ae662e9fd453a842829a6f,104,0x88e6a0c2ddd26feeb64f039a2c41296fcb3f5640,0xa0b86991c6218b36c1d19d4a2e9eb0ce3606eb48,0xc02aaa39b223fe8d0a0e5c4f27ead9083c756cc2,6,18,0x6747bcaf9bd5a5f0758cbe08903490e45ddfacb5,0x5e1f62dac767b0491e3ce72469c217365d5b48cc,zero_for_one,18112885722,0,0,8360417697163477016,18112885722,-8360417697163477016,1702554412922036455050046491446226,1702554412922036455050046491446226,11496605648623113034,199516,199516
1773908747,24690324,0x594fe3bce7c2679458038b771a879dde261202c38df5126d81f76f8fb5552b7a,2,0x88e6a0c2ddd26feeb64f039a2c41296fcb3f5640,0xa0b86991c6218b36c1d19d4a2e9eb0ce3606eb48,0xc02aaa39b223fe8d0a0e5c4f27ead9083c756cc2,6,18,0xbdb3ba9ffe392549e1f8658dd2630c141fdf47b6,0xbdb3ba9ffe392549e1f8658dd2630c141fdf47b6,one_for_zero,0,45349640335906892838,98137307582,0,-98137307582,45349640335906892838,1702866780963519161349602631293487,1702866780963519161349602631293487,11496605648623113034,199519,199519
1773908747,24690324,0x4fbfb3d24110ccf9b15c90032270f9bc37352c0130be35c37e30a728aeb74e79,40,0x88e6a0c2ddd26feeb64f039a2c41296fcb3f5640,0xa0b86991c6218b36c1d19d4a2e9eb0ce3606eb48,0xc02aaa39b223fe8d0a0e5c4f27ead9083c756cc2,6,18,0x000000e432a664bacccf29e3e7c89218bdb2be81,0x4622df6fb2d9bee0dcdacf545acdb6a2b2f4f863,one_for_zero,0,20583009251011102,44533769,0,-44533769,20583009251011102,1702866922739159275258957789405631,1702866922739159275258957789405631,11496605648623113034,199519,199519
1773908759,24690325,0x5320f1adaf740c867dbf2db613c8b67262d45bae191b449231b091a67f5f25db,56,0x88e6a0c2ddd26feeb64f039a2c41296fcb3f5640,0xa0b86991c6218b36c1d19d4a2e9eb0ce3606eb48,0xc02aaa39b223fe8d0a0e5c4f27ead9083c756cc2,6,18,0x6fc3dc715f1dc99f4f59bf5c3e53dca31e16f29d,0x6fc3dc715f1dc99f4f59bf5c3e53dca31e16f29d,one_for_zero,0,934087171724787388,2021000000,0,-2021000000,934087171724787388,1702873356725807120131068089461539,1702873356725807120131068089461539,11496605648623113034,199519,199519
1773908771,24690326,0x39203acca18d9f007b2d4a71027dc9215c5eeb7b715d7036601d6056032fbae7,30,0x88e6a0c2ddd26feeb64f039a2c41296fcb3f5640,0xa0b86991c6218b36c1d19d4a2e9eb0ce3606eb48,0xc02aaa39b223fe8d0a0e5c4f27ead9083c756cc2,6,18,0x0c370ea6bc17c7010ba44f004a39f83ef897e4bb,0x0c370ea6bc17c7010ba44f004a39f83ef897e4bb,one_for_zero,0,47390871653168396449,102515308388,0,-102515308388,47390871653168396449,1703199768829648380895788923829066,1703199768829648380895788923829066,11497183050420287852,199523,199523
1773908771,24690326,0xf834cd52409eb457b198d04439388eaf51d3188a35490c9b7c33167fd4b3c660,310,0x88e6a0c2ddd26feeb64f039a2c41296fcb3f5640,0xa0b86991c6218b36c1d19d4a2e9eb0ce3606eb48,0xc02aaa39b223fe8d0a0e5c4f27ead9083c756cc2,6,18,0x68b3465833fb72a70ecdf485e0e4c7bd8665fc45,0xd1ee705d774d59541d3d395e72a16e48389df7c7,one_for_zero,0,13872253217662440,30002522,0,-30002522,13872253217662440,1703199864376843809922622512612670,1703199864376843809922622512612670,11497183050420287852,199523,199523
1773908771,24690326,0x376e06bf6bfcc3d7d571d6668e5309d528101ea9d296d356ab988cf61e8da2de,389,0x88e6a0c2ddd26feeb64f039a2c41296fcb3f5640,0xa0b86991c6218b36c1d19d4a2e9eb0ce3606eb48,0xc02aaa39b223fe8d0a0e5c4f27ead9083c756cc2,6,18,0x3fc91a3afd70395cd496c647d5a6cc9d4b2b7fad,0x3fc91a3afd70395cd496c647d5a6cc9d4b2b7fad,one_for_zero,0,462369589702938,1000000,0,-1000000,462369589702938,1703199867561482733002326355682752,1703199867561482733002326355682752,11497183050420287852,199523,199523
1773908783,24690327,0x1191e09bad52a901b66481d03729f7137f5df12154a7512458e7c327a896ab8a,2,0x88e6a0c2ddd26feeb64f039a2c41296fcb3f5640,0xa0b86991c6218b36c1d19d4a2e9eb0ce3606eb48,0xc02aaa39b223fe8d0a0e5c4f27ead9083c756cc2,6,18,0xbdb3ba9ffe392549e1f8658dd2630c141fdf47b6,0xbdb3ba9ffe392549e1f8658dd2630c141fdf47b6,one_for_zero,0,43426249425483693015,93904585031,0,-93904585031,43426249425483693015,1703498972276160478058777232717692,1703498972276160478058777232717692,11497183050420287852,199527,199527
1773908783,24690327,0xdca40fdbe9d123694165b43c3614ae40c4f15f3d4abec66612a518f0252ee4f8,29,0x88e6a0c2ddd26feeb64f039a2c41296fcb3f5640,0xa0b86991c6218b36c1d19d4a2e9eb0ce3606eb48,0xc02aaa39b223fe8d0a0e5c4f27ead9083c756cc2,6,18,0x3fc91a3afd70395cd496c647d5a6cc9d4b2b7fad,0x3fc91a3afd70395cd496c647d5a6cc9d4b2b7fad,one_for_zero,0,102682146944690915,222000000,0,-222000000,102682146944690915,1703499679514631925860551227907958,1703499679514631925860551227907958,11497183050420287852,199527,199527
1773908795,24690328,0x6db38375752d54b31e62c375e81f028575c891e9650bb423be6b3ffe991faee0,4,0x88e6a0c2ddd26feeb64f039a2c41296fcb3f5640,0xa0b86991c6218b36c1d19d4a2e9eb0ce3606eb48,0xc02aaa39b223fe8d0a0e5c4f27ead9083c756cc2,6,18,0x5050e08626c499411b5d0e0b5af0e83d3fd82edf,0x5050e08626c499411b5d0e0b5af0e83d3fd82edf,one_for_zero,0,74270434414314619859,160525274702,0,-160525274702,74270434414314619859,1704011228114577322115763523081952,1704011228114577322115763523081952,11497183050420287852,199533,199533
1773908807,24690329,0x28c8f710c7a66eb60bdeb4e7ae120893b692fb6daae2d764109e8224e5b6cc3d,21,0x88e6a0c2ddd26feeb64f039a2c41296fcb3f5640,0xa0b86991c6218b36c1d19d4a2e9eb0ce3606eb48,0xc02aaa39b223fe8d0a0e5c4f27ead9083c756cc2,6,18,0xbdb3ba9ffe392549e1f8658dd2630c141fdf47b6,0xbdb3ba9ffe392549e1f8658dd2630c141fdf47b6,one_for_zero,0,36070624827807370053,77926902226,0,-77926902226,36070624827807370053,1704259669877108122132730360198387,1704259669877108122132730360198387,11497183050420287852,199536,199536
1773908819,24690330,0xb3c4e2b45e2e7304f762d0475ccd350e9578885aa66c345f50fab813a001a0cd,173,0x88e6a0c2ddd26feeb64f039a2c41296fcb3f5640,0xa0b86991c6218b36c1d19d4a2e9eb0ce3606eb48,0xc02aaa39b223fe8d0a0e5c4f27ead9083c756cc2,6,18,0x66a9893cc07d91d95644aedd05d03f95e1dba8af,0x66a9893cc07d91d95644aedd05d03f95e1dba8af,one_for_zero,0,509306605199509597,1100142258,0,-1100142258,509306605199509597,1704263177801666357074203852414398,1704263177801666357074203852414398,11497183050420287852,199536,199536
1773908819,24690330,0x242b7f3f58f0282a3861848b32bf66151fb59ab00e79cdc4cb4118ce8c8c8e91,262,0x88e6a0c2ddd26feeb64f039a2c41296fcb3f5640,0xa0b86991c6218b36c1d19d4a2e9eb0ce3606eb48,0xc02aaa39b223fe8d0a0e5c4f27ead9083c756cc2,6,18,0xa508b77b1e0f7027ae6e848f9a58682077e2b4ed,0xa508b77b1e0f7027ae6e848f9a58682077e2b4ed,one_for_zero,0,11130960678870837000,24042618027,0,-24042618027,11130960678870837000,1704339843939359314845494930561379,1704339843939359314845494930561379,11497183050420287852,199537,199537
1773908831,24690331,0x9f7cfad4d3ad043290beb7791d4c154fcfe1a0e2c03bd3630b9c8bf665b260d4,20,0x88e6a0c2ddd26feeb64f039a2c41296fcb3f5640,0xa0b86991c6218b36c1d19d4a2e9eb0ce3606eb48,0xc02aaa39b223fe8d0a0e5c4f27ead9083c756cc2,6,18,0x51c72848c68a965f66fa7a88855f9f7784502a7f,0x51c72848c68a965f66fa7a88855f9f7784502a7f,one_for_zero,0,14121207638798510080,30498369908,0,-30498369908,14121207638798510080,1704437105845178642401312440906489,1704437105845178642401312440906489,11497183050420287852,199538,199538
1773908843,24690332,0xdd0f89c0ee96640b1c7c6c286b94d6b8274f639c0516801bea305d759b35b4e8,47,0x88e6a0c2ddd26feeb64f039a2c41296fcb3f5640,0xa0b86991c6218b36c1d19d4a2e9eb0ce3606eb48,0xc02aaa39b223fe8d0a0e5c4f27ead9083c756cc2,6,18,0xbdb3ba9ffe392549e1f8658dd2630c141fdf47b6,0xbdb3ba9ffe392549e1f8658dd2630c141fdf47b6,one_for_zero,0,7848686346168103828,16949746415,0,-16949746415,7848686346168103828,1704491164833031001150281790111412,1704491164833031001150281790111412,11497183050420287852,199538,199538
1773908855,24690333,0xc7725de052e961042a58412d472333a93a3105c7172d07173f65ac842fd9f64f,16,0x88e6a0c2ddd26feeb64f039a2c41296fcb3f5640,0xa0b86991c6218b36c1d19d4a2e9eb0ce3606eb48,0xc02aaa39b223fe8d0a0e5c4f27ead9083c756cc2,6,18,0xbdb3ba9ffe392549e1f8658dd2630c141fdf47b6,0xbdb3ba9ffe392549e1f8658dd2630c141fdf47b6,one_for_zero,0,9186908871437768420,19838358924,0,-19838358924,9186908871437768420,1704554441026418987529692247229391,1704554441026418987529692247229391,11497183050420287852,199539,199539
1773908855,24690333,0x76ffd588e3ff5074d8f088f37169aeb1b7dee3ae5d5a67b40a260b31985459f7,96,0x88e6a0c2ddd26feeb64f039a2c41296fcb3f5640,0xa0b86991c6218b36c1d19d4a2e9eb0ce3606eb48,0xc02aaa39b223fe8d0a0e5c4f27ead9083c756cc2,6,18,0xe592427a0aece92de3edee1f18e0157c05861564,0xe592427a0aece92de3edee1f18e0157c05861564,one_for_zero,0,8620000000000000000,18612827402,0,-18612827402,8620000000000000000,1704613828329447992557501420541034,1704613828329447992557501420541034,11490590712101741358,199540,199540
1773908867,24690334,0xf5991af22f3fd1129a07eb9fa045248189bd28c544c8563859a228a207360b8b,118,0x88e6a0c2ddd26feeb64f039a2c41296fcb3f5640,0xa0b86991c6218b36c1d19d4a2e9eb0ce3606eb48,0xc02aaa39b223fe8d0a0e5c4f27ead9083c756cc2,6,18,0x3fc91a3afd70395cd496c647d5a6cc9d4b2b7fad,0x3fc91a3afd70395cd496c647d5a6cc9d4b2b7fad,one_for_zero,0,4186764049743943,9040000,0,-9040000,4186764049743943,1704613857182948742657669210925382,1704613857182948742657669210925382,11490590712101741358,199540,199540
1773908879,24690335,0x00ef276597f0ba98188ee716a23e57f44f49ef41dac8cfc0cea0cf438038dbc6,263,0x88e6a0c2ddd26feeb64f039a2c41296fcb3f5640,0xa0b86991c6218b36c1d19d4a2e9eb0ce3606eb48,0xc02aaa39b223fe8d0a0e5c4f27ead9083c756cc2,6,18,0xbdb3ba9ffe392549e1f8658dd2630c141fdf47b6,0xbdb3ba9ffe392549e1f8658dd2630c141fdf47b6,one_for_zero,0,2310851378224008644,4989509963,0,-4989509963,2310851378224008644,1704629782644995985149557675967759,1704629782644995985149557675967759,11490590712101741358,199540,199540
1773908915,24690338,0xab0df192a52bc127285b6b61cd75692b5c04ac54cd1880a6147ed8bd55a223e3,16,0x88e6a0c2ddd26feeb64f039a2c41296fcb3f5640,0xa0b86991c6218b36c1d19d4a2e9eb0ce3606eb48,0xc02aaa39b223fe8d0a0e5c4f27ead9083c756cc2,6,18,0xbdb3ba9ffe392549e1f8658dd2630c141fdf47b6,0xbdb3ba9ffe392549e1f8658dd2630c141fdf47b6,one_for_zero,0,22243756200067022823,48023177999,0,-48023177999,22243756200067022823,1704783069363124422694171518055083,1704783069363124422694171518055083,11491215851494114459,199542,199542
1773908915,24690338,0xff1e745fedc15d2414d810e494a75e56ee1778ecbf33b3b3d617e8e901e9045c,167,0x88e6a0c2ddd26feeb64f039a2c41296fcb3f5640,0xa0b86991c6218b36c1d19d4a2e9eb0ce3606eb48,0xc02aaa39b223fe8d0a0e5c4f27ead9083c756cc2,6,18,0xe592427a0aece92de3edee1f18e0157c05861564,0x509b52749c2991b7472b3ee5876f5e0bca8f2429,zero_for_one,993357255,0,0,459691569056344164,993357255,-459691569056344164,1704779899940601139596778252171551,1704779899940601139596778252171551,11491215851494114459,199542,199542
1773908951,24690341,0x8238f6d279508ebe9d182611f77e660c015f48ea45a7c33a78f6ed054dc812c4,82,0x88e6a0c2ddd26feeb64f039a2c41296fcb3f5640,0xa0b86991c6218b36c1d19d4a2e9eb0ce3606eb48,0xc02aaa39b223fe8d0a0e5c4f27ead9083c756cc2,6,18,0x3fc91a3afd70395cd496c647d5a6cc9d4b2b7fad,0x3fc91a3afd70395cd496c647d5a6cc9d4b2b7fad,one_for_zero,0,4863892571341176,10500000,0,-10500000,4863892571341176,1704779933460600425007251026548776,1704779933460600425007251026548776,11490590712101741358,199542,199542
1773908975,24690343,0xc44e6ccca1454d8f8e9d7f5cc814a5bd3da9f22f07f54ec838a0a361787267a2,10,0x88e6a0c2ddd26feeb64f039a2c41296fcb3f5640,0xa0b86991c6218b36c1d19d4a2e9eb0ce3606eb48,0xc02aaa39b223fe8d0a0e5c4f27ead9083c756cc2,6,18,0x66a9893cc07d91d95644aedd05d03f95e1dba8af,0x66a9893cc07d91d95644aedd05d03f95e1dba8af,one_for_zero,0,3995000000000000000,8624125874,0,-8624125874,3995000000000000000,1704807463902476365494873709021124,1704807463902476365494873709021124,11491215884418362223,199542,199542
1773909011,24690346,0x6984619b6745287285b4e480948f70d1f1cac96e24b96681e21ee043ee14560f,28,0x88e6a0c2ddd26feeb64f039a2c41296fcb3f5640,0xa0b86991c6218b36c1d19d4a2e9eb0ce3606eb48,0xc02aaa39b223fe8d0a0e5c4f27ead9083c756cc2,6,18,0x68b3465833fb72a70ecdf485e0e4c7bd8665fc45,0x68b3465833fb72a70ecdf485e0e4c7bd8665fc45,zero_for_one,85496438124,0,0,39559686598140331627,85496438124,-39559686598140331627,1704534739625265437643833588254916,1704534739625265437643833588254916,11497183050420287852,199539,199539
1773909035,24690348,0x3ce2fb1857ed65c54f34a34df728fed85f5b258738e1c6b8f47a4029762dbcb7,306,0x88e6a0c2ddd26feeb64f039a2c41296fcb3f5640,0xa0b86991c6218b36c1d19d4a2e9eb0ce3606eb48,0xc02aaa39b223fe8d0a0e5c4f27ead9083c756cc2,6,18,0x68b3465833fb72a70ecdf485e0e4c7bd8665fc45,0x25eaec5b4df74a7e01e4493ef7606cc01e4b3888,one_for_zero,0,45011000000000000,97196099,0,-97196099,45011000000000000,1704535049645184046123300887344546,1704535049645184046123300887344546,11497183050420287852,199539,199539
1773909035,24690348,0x43fc2791e8aa5c1fd4ca1f92f12143b066cb6f245a21c7c330547d952993d851,486,0x88e6a0c2ddd26feeb64f039a2c41296fcb3f5640,0xa0b86991c6218b36c1d19d4a2e9eb0ce3606eb48,0xc02aaa39b223fe8d0a0e5c4f27ead9083c756cc2,6,18,0x3fc91a3afd70395cd496c647d5a6cc9d4b2b7fad,0x3fc91a3afd70395cd496c647d5a6cc9d4b2b7fad,one_for_zero,0,11577370578772139,25000000,0,-25000000,11577370578772139,1704535129386035938574990436975803,1704535129386035938574990436975803,11497183050420287852,199539,199539
1773909059,24690350,0x27b40826a6e544c1e3ce89fea8fd3026d8985a3bd9a9a454aff0cfdae5ec9088,276,0x88e6a0c2ddd26feeb64f039a2c41296fcb3f5640,0xa0b86991c6218b36c1d19d4a2e9eb0ce3606eb48,0xc02aaa39b223fe8d0a0e5c4f27ead9083c756cc2,6,18,0x3fc91a3afd70395cd496c647d5a6cc9d4b2b7fad,0x3fc91a3afd70395cd496c647d5a6cc9d4b2b7fad,one_for_zero,0,8252350409788952,17820000,0,-17820000,8252350409788952,1704535186225319721904017386530260,1704535186225319721904017386530260,11497183050420287852,199539,199539
1773909083,24690352,0x892dc15c6020987a19b09cac5c45a9d03353f9e9a7d3f6a2e35a7b8d3e84e025,7,0x88e6a0c2ddd26feeb64f039a2c41296fcb3f5640,0xa0b86991c6218b36c1d19d4a2e9eb0ce3606eb48,0xc02aaa39b223fe8d0a0e5c4f27ead9083c756cc2,6,18,0x51c72848c68a965f66fa7a88855f9f7784502a7f,0x51c72848c68a965f66fa7a88855f9f7784502a7f,zero_for_one,197064424715,0,0,91134709704387832715,197064424715,-91134709704387832715,1703907376515762821649798269404300,1703907376515762821649798269404300,11500993822229397946,199532,199532
1773909083,24690352,0x2aea8f1ef5100b1a0bb3d1974f8dc420f1d8c0a93f8f842c5b034e5c961626da,213,0x88e6a0c2ddd26feeb64f039a2c41296fcb3f5640,0xa0b86991c6218b36c1d19d4a2e9eb0ce3606eb48,0xc02aaa39b223fe8d0a0e5c4f27ead9083c756cc2,6,18,0x3fc91a3afd70395cd496c647d5a6cc9d4b2b7fad,0x3fc91a3afd70395cd496c647d5a6cc9d4b2b7fad,one_for_zero,0,48589159260702689,105000000,0,-105000000,48589159260702689,1703907711069893613227001258141779,1703907711069893613227001258141779,11500993822229397946,199532,199532
1773909095,24690353,0x7d6e6ea014c52c14477b9fb08819c637cc4f6cb70c5ebbf65a89e29c97128195,47,0x88e6a0c2ddd26feeb64f039a2c41296fcb3f5640,0xa0b86991c6218b36c1d19d4a2e9eb0ce3606eb48,0xc02aaa39b223fe8d0a0e5c4f27ead9083c756cc2,6,18,0x3fc91a3afd70395cd496c647d5a6cc9d4b2b7fad,0x3fc91a3afd70395cd496c647d5a6cc9d4b2b7fad,one_for_zero,0,495610514339616990,1071000000,0,-1071000000,495610514339616990,1703911123529531912784101748999717,1703911123529531912784101748999717,11500993822229397946,199532,199532
1773909107,24690354,0xda1cb2cfaacdb2ed23603ee16519d08887a294339d5c33131ad7e034553cb8a0,10,0x88e6a0c2ddd26feeb64f039a2c41296fcb3f5640,0xa0b86991c6218b36c1d19d4a2e9eb0ce3606eb48,0xc02aaa39b223fe8d0a0e5c4f27ead9083c756cc2,6,18,0x51c72848c68a965f66fa7a88855f9f7784502a7f,0x51c72848c68a965f66fa7a88855f9f7784502a7f,zero_for_one,63434021896,0,0,29321639579418601462,63434021896,-29321639579418601462,1703709065371842761284606381460634,1703709065371842761284606381460634,11497183050420287852,199529,199529
1773909119,24690355,0x02490ec9b73f443a54ab9ed7dc90aa20ec7a15439167f8c911cd4aa66f45b723,34,0x88e6a0c2ddd26feeb64f039a2c41296fcb3f5640,0xa0b86991c6218b36c1d19d4a2e9eb0ce3606eb48,0xc02aaa39b223fe8d0a0e5c4f27ead9083c756cc2,6,18,0xbdb3ba9ffe392549e1f8658dd2630c141fdf47b6,0xbdb3ba9ffe392549e1f8658dd2630c141fdf47b6,zero_for_one,29492564149,0,0,13630226992889387925,29492564149,-13630226992889387925,1703615138204243261641700875780696,1703615138204243261641700875780696,11497183050420287852,199528,199528
1773909119,24690355,0x8f5d1da0ac51701d6fc3f4c7fbec868f37a933ea33e5b35c2583226bea14dd79,716,0x88e6a0c2ddd26feeb64f039a2c41296fcb3f5640,0xa0b86991c6218b36c1d19d4a2e9eb0ce3606eb48,0xc02aaa39b223fe8d0a0e5c4f27ead9083c756cc2,6,18,0x3fc91a3afd70395cd496c647d5a6cc9d4b2b7fad,0x3fc91a3afd70395cd496c647d5a6cc9d4b2b7fad,one_for_zero,0,24286244401426525,52500000,0,-52500000,24286244401426525,1703615305479342962512403269577677,1703615305479342962512403269577677,11497183050420287852,199528,199528
1773909131,24690356,0x230a6d132a254c94c5d532e04e836ab66e997dd9a6f9a1729e7e8dcf1786cf50,47,0x88e6a0c2ddd26feeb64f039a2c41296fcb3f5640,0xa0b86991c6218b36c1d19d4a2e9eb0ce3606eb48,0xc02aaa39b223fe8d0a0e5c4f27ead9083c756cc2,6,18,0x66a9893cc07d91d95644aedd05d03f95e1dba8af,0x66a9893cc07d91d95644aedd05d03f95e1dba8af,one_for_zero,0,84914125909779690,183560272,0,-183560272,84914125909779690,1703615890337942044071954124676751,1703615890337942044071954124676751,11497183050420287852,199528,199528
1773909143,24690357,0x1a6fb22ca511b031255711115a33d8edfdfa29e9126119a8eab3b5b7c03c1e83,40,0x88e6a0c2ddd26feeb64f039a2c41296fcb3f5640,0xa0b86991c6218b36c1d19d4a2e9eb0ce3606eb48,0xc02aaa39b223fe8d0a0e5c4f27ead9083c756cc2,6,18,0x1f2f10d1c40777ae1da742455c65828ff36df387,0x1f2f10d1c40777ae1da742455c65828ff36df387,zero_for_one,10007595,0,0,4624839826472961,10007595,-4624839826472961,1703615858467738728413065552775785,1703615858467738728413065552775785,11497183050420287852,199528,199528
1773909191,24690361,0x0a17522c5ffc78c63555e20a2a563504390ad4ce2a37224977f4e70e3c907763,13,0x88e6a0c2ddd26feeb64f039a2c41296fcb3f5640,0xa0b86991c6218b36c1d19d4a2e9eb0ce3606eb48,0xc02aaa39b223fe8d0a0e5c4f27ead9083c756cc2,6,18,0x51c72848c68a965f66fa7a88855f9f7784502a7f,0x51c72848c68a965f66fa7a88855f9f7784502a7f,one_for_zero,0,20296332173132443648,43871304086,0,-43871304086,20296332173132443648,1703755652456949480970699708728455,1703755652456949480970699708728455,11497183050420287852,199530,199530
1773909191,24690361,0xfd5c05f323bd128d3b106474f97d751fea804cb75bd7bf2151dc2bb3f05e0d8f,296,0x88e6a0c2ddd26feeb64f039a2c41296fcb3f5640,0xa0b86991c6218b36c1d19d4a2e9eb0ce3606eb48,0xc02aaa39b223fe8d0a0e5c4f27ead9083c756cc2,6,18,0x6745024462abf2c049f54b381c4ad4a8c8d999c4,0x04c8577958ccc170eb3d2cca76f9d51bc6e42d8f,one_for_zero,0,1282954652524600717,2772913998,0,-2772913998,1282954652524600717,1703764488996838709087611474011594,1703764488996838709087611474011594,11497183050420287852,199530,199530
